1784 2967
76 845 117 878 10

76 1126 116 1159 15

146 237 320 265 a.ch.2oo.
583 229 706 262 LIBER
731 227 887 261 xxvm.
935 230 1027 262 CAP.
1056 231 1106 262 17.

1472 232 1544 270 [65

145 335 377 370 summatam
406 331 488 371 eius
516 331 602 371 belli
629 331 788 382 gloriam
813 331 1022 382 spectabat.
1063 333 1192 384 itaque
1216 332 1546 383 praemoliendam

144 387 215 426 sibi
238 393 344 426 ratus
376 388 452 427 iam
479 400 559 427 rem
589 387 931 439 conciliandosque
953 401 1087 439 regum
1117 389 1367 440 gentiumque
1384 389 1548 435 animos,

144 444 361 495 Syphacem
383 445 553 496 primum
569 456 697 495 regem
716 443 849 483 statuit
863 449 1064 495 temptare.
1100 445 1416 485 Masaesuliorum
1433 446 1466 484 is
1483 457 1548 484 rex

144 505 245 547 erat,
272 501 487 547 Masaesuli‚
509 513 602 551 gens
624 500 760 539 adfinis
780 501 936 546 Mauris,
959 501 998 539 in
1019 501 1215 552 regionem
1238 501 1447 553 Hispaniae
1463 514 1547 540 ma-

144 557 258 604 xime,
280 570 352 608 qua
374 557 444 596 sita
465 569 562 596 nova
581 557 769 609 Carthago
792 562 861 603 est,
880 562 1066 608 spectant.
1105 558 1244 596 foedus
1261 571 1303 596 ea
1320 561 1550 609 tempestate

144 614 224 665 regi
241 626 326 652 cum
351 613 728 664 Carthaginiensibus
750 619 849 661 erat,
876 614 978 665 quod
1002 614 1104 652 haud
1126 613 1277 664 gravius
1300 614 1332 652 ei
1354 614 1543 653 sanctius—

144 682 217 721 que
239 682 353 721 quam
374 670 486 719 vulgo
508 669 701 717 barbaris,
730 670 871 721 quibus
893 683 937 709 ex
957 670 1114 709 fortuna
1131 671 1275 721 pendet
1293 671 1409 717 fides,
1439 675 1548 709 ratus

143 726 246 773 fore,
282 731 479 765 oratorem
514 726 561 765 ad
590 739 679 765 eum
704 727 743 765 C.
774 727 943 765 Laelium
975 739 1062 765 cum
1090 727 1204 765 donis
1233 727 1359 766 mittit.
1408 726 1548 778 quibus

143 782 328 821 barbarus
364 782 503 829 laetus,
539 788 576 821 et
611 783 698 834 quia
734 796 796 822 res
824 788 906 822 tum
938 795 1150 834 prosperae
1177 783 1320 834 ubique
1348 783 1548 829 Romanis,

145 838 286 878 Poenis
310 844 436 878 autem
465 839 503 877 in
530 838 633 878 Italia
665 839 865 886 adversae,
893 840 932 878 in
960 840 1144 890 Hispania
1173 840 1298 878 nullae
1326 839 1401 878 iam
1431 843 1551 885 erant,

143 894 349 934 amicitiam
372 908 414 934 se
435 895 702 934 Romanorum
725 896 898 946 accipere
921 897 1072 943 annuit,
1100 896 1311 935 firmandae
1331 895 1413 934 eius
1434 896 1550 934 fidem

144 963 216 990 nec
245 951 335 990 dare
362 964 433 990 nec
458 952 630 1002 accipere
656 952 730 990 nisi
762 965 849 991 cum
877 952 965 1004 ipso
994 965 1123 991 coram
1153 953 1251 991 duce
1267 952 1458 990 Romano.
1500 951 1551 989 ita

143 1007 294 1046 Laelius
323 1007 362 1045 in
389 1008 425 1046 id
454 1008 573 1047 modo
603 1009 676 1047 fide
703 1008 749 1047 ab
771 1021 859 1059 rege
879 1014 1052 1059 accepta,
1082 1014 1208 1047 tutum
1231 1008 1434 1047 adventum
1456 1007 1552 1053 fore,

144 1064 192 1102 ad
210 1063 434 1114 Scipionem
462 1065 571 1103 redit.
613 1076 796 1115 magnum
824 1065 862 1103 in
887 1066 1016 1103 omnia
1039 1070 1280 1103 momentum
1305 1064 1458 1115 Syphax
1480 1063 1548 1102 ad-

143 1119 302 1158 fectanti
328 1133 390 1158 res
419 1126 499 1159 erat
527 1121 695 1167 Africae,
725 1121 1044 1172 opulentissimus
1074 1121 1155 1160 eius
1185 1126 1309 1159 terrae
1334 1132 1424 1165 rece,
1453 1119 1550 1158 bello

146 1176 218 1215 iam
247 1182 426 1227 expertus
454 1177 563 1228 ipsos
586 1177 938 1227 Carthaginienses,
969 1177 1109 1216 finibus
1132 1177 1244 1216 etiam
1267 1176 1373 1227 regni
1395 1181 1483 1228 apte
1504 1175 1550 1214 ad

143 1299 285 1350 ljb.1.l.
306 1296 457 1332 πάντων
475 1297 809 1352 ειῖ’()“αιμοι”ιζόιτων

144 1341 208 1377 τὸν
236 1339 411 1376 Πόπλιον
432 1362 476 1367 —
500 1345 717 1397 μακαοίζεψ
746 1342 809 1376 αὐ-

144 1400 230 1424 τους
259 1387 327 1432 ἔφη
357 1385 454 1421 διότι
482 1386 654 1425 τοιαύτας
682 1388 807 1441 ἔχουσι

145 1432 210 1470 τὰς
225 1432 391 1473 ἔλπιὸας,
410 1431 517 1470 αὐτὸς
533 1433 573 1466 δὲ
590 1434 653 1467 ν’ῦι
665 1446 723 1466 και
725 1431 808 1485 μά-

144 1479 249 1511 λιστα
275 1475 519 1520 βουλεύεσθαι
552 1481 633 1512 τίια
667 1476 811 1522 τρόποι

145 1521 294 1567 ὀίοξηται
320 1526 385 1556 rofi
409 1522 504 1567 πρὸς
526 1523 811 1567 Καρχηδονίους

146 1569 314 1614 πολέμου
337 1575 400 1601 etc.
434 1570 518 1601 Dass
536 1570 646 1611 Scipio
671 1570 722 1601 die
741 1570 808 1602 Ab·

146 1615 232 1647 sicht
249 1616 339 1646 hatte
354 1615 499 1654 sogleich
514 1625 533 1644 v
538 1625 577 1646 on
593 1615 734 1657 Spanien
750 1625 809 1646 aus

146 1661 228 1691 nach
243 1658 354 1691 Africa
372 1660 604 1700 iiberzugehen
619 1661 700 1691 wird
714 1659 735 1702 ξ
753 1660 808 1691 10:

145 1704 336 1746 adfectanti
344 1704 625 1743 —dirz'mwzz'ur3
647 1715 674 1736 o.
699 1705 748 1746 18,
772 1705 810 1736 10

146 1749 365 1790 angedeutet,
388 1749 456 1789 vgl.
481 1750 552 1780 Dio.
578 1749 672 1780 Cass.
690 1748 730 1780 fr.
758 1750 811 1789 57,

147 1794 208 1833 533
247 1793 369 1826 Zonar.
402 1794 437 1832 9
478 1794 533 1826 11:
568 1795 739 1826 Σκιπίων
770 1792 810 1826 δὲ

148 1835 271 1871 πάντα
304 1838 347 1870 τὰ
378 1835 480 1874 ἒιτὸς
509 1839 573 1870 τοῦ
599 1840 812 1880 Πιρηιαιόυ

147 1903 191 1907 -
219 1881 554 1936 προποιησάιιειος
582 1882 616 1919 ἐς
644 1882 710 1924 τὴν
738 1885 811 1916 Λι-

145 1926 236 1971 Βύην
254 1929 414 1961 στείλασ
412 1934 470 1959 ’θαι
490 1925 706 1971 ἡτοιμάζετο
725 1933 788 1960 etc

192 1975 303 2005 4—5.
340 1973 685 2017 p1·aemolzend.‚das
712 1973 813 2005 ἲνονῐ

147 2019 249 2051 findet
272 2020 339 2050 sich
362 2018 477 2050 friiher
500 2020 604 2058 nicht,
629 2020 813 2060 uberhaupt

146 2065 225 2096 sehr
242 2064 362 2096 seiten.
376 2082 422 2087 ·-—
434 2074 555 2105 regum
567 2067 671 2106 gent„
691 2064 743 2104 2-1,
758 2064 811 2103 49,

147 2109 183 2141 2:
203 2109 368 2142 adversas
383 2120 481 2151 reges
492 2109 700 2153 populosque
714 2110 814 2151 Afri-

149 2165 222 2192 cae;
253 2154 311 2196 27,
340 2155 376 2193 4,
406 2156 436 2186 9.
462 2173 505 2177 —
529 2154 729 2191 Masaesul„
760 2155 810 2185 die

148 2199 343 2230 wesuichen
367 2198 526 2230 Numider
551 2200 714 2230 zwischen
739 2200 811 2231 dem

148 2243 269 2276 Reiche
290 2243 482 2275 Masinissas
499 2245 563 2275 und
583 2245 643 2275 den
664 2244 811 2283 Mauren,

150 2300 176 2320 s.
195 2289 252 2327 29,
277 2288 336 2326 32,
365 2289 422 2327 143
449 2289 508 2328 24,
532 2289 591 2327 43,
616 2289 812 2321 211eisster

151 2345 213 2365 nur
229 2344 294 2366 rese
313 2332 555 2371 ,Ὑιιηιιίίαιίηης
575 2335 682 2375 Scipio
703 2335 813 2366 nimmt

151 2379 212 2411 den
246 2379 321 2410 dort
360 2380 552 2410 erwiihnten
586 2379 663 2410 Plan
704 2380 813 2410 seines

151 2423 273 2456 Vaters
292 2425 417 2455 wieder
434 2422 505 2463 auf,
524 2423 581 2454 Sil.
602 2424 637 2454 lt.
660 2424 718 2461 16,
740 2424 813 2455 195.

151 2487 195 2492 -
226 2469 348 2511 adfinis
378 2470 409 2500 in
444 2470 503 2499 der
537 2469 821 2510 urspriingliehen-

153 2514 360 2554 Bedeutung:
400 2516 626 2553 angi-emend,
660 2524 687 2544 s,
723 2514 812 2545 Paul.

151 2559 243 2590 Diae.
262 2570 291 2602 p.
314 2559 368 2590 il:
392 2560 518 2602 affines
535 2561 568 2590 in
587 2560 684 2601 agris
707 2560 814 2598 vicini,

153 2606 222 2636 sive
283 2606 578 2645 coms-angmmvate
640 2606 816 2644 eonimzeti,

153 2649 277 2681 kommt
293 2651 382 2681 nicht
398 2648 446 2681 oft
468 2660 538 2681 vor.
557 2667 601 2672 —
618 2648 769 2690 Mauris,
788 2659 813 2680 s,

885 1301 938 1339 24,
955 1301 1009 1341 49,
1029 1301 1057 1332 5.
1074 1302 1167 1331 —1'n
1185 1319 1228 1322 —
1245 1302 1385 1343 spectat,
1404 1300 1435 1339 5,
1461 1299 1494 1339 1,
1513 1300 1548 1330 9:

880 1346 982 1385 frons
1006 1348 1038 1376 in
1057 1345 1231 1377 Etruriam
1256 1348 1430 1388 spectans,
1456 1349 1551 1375 sonst

881 1391 963 1422 auch
991 1392 1071 1422 ohne
1094 1391 1142 1421 in.
1162 1408 1204 1413 —
1222 1401 1310 1422 nova
1328 1389 1379 1429 C.,
1404 1400 1429 1421 s.
1448 1388 1469 1431 ξ
1491 1389 1548 1428 113

882 1435 936 1475 27,
955 1435 1008 1475 27,
1030 1435 1088 1473 13;
1113 1436 1194 1475 liegt
1211 1435 1363 1466 westlich
1382 1435 1454 1466 dem
1473 1433 1549 1466 Rei-

883 1482 941 1512 ehe
959 1480 1160 1520 gegeniiber.

928 1547 1028 1579 6—8.
1050 1547 1178 1590 foedus
1198 1559 1224 1579 e.
1246 1550 1280 1587 t.,
1299 1558 1336 1579 er
1352 1548 1479 1579 miisste
1498 1549 1550 1580 ai—

883 1603 919 1625 so
943 1594 1001 1624 das
1026 1593 1086 1633 27,
1111 1594 1129 1624 4
1149 1593 1404 1634 geschlossene,
1427 1603 1466 1624 an
1492 1593 1550 1625 das

884 1639 951 1670 sich
976 1638 1012 1670 L.
1039 1639 1128 1670 nicht
1153 1649 1194 1669 zu
1224 1639 1379 1669 erinnern
1410 1639 1550 1679 scheint,

884 1682 1088 1724 ausgegeben
1115 1683 1231 1714 haben.
1254 1701 1298 1706 -—
1321 1686 1467 1723 orator„
1499 1683 1551 1724 24,

885 1728 940 1768 33,
965 1729 996 1759 5.
1015 1738 1247 1772 —prosper.,
1271 1727 1330 1767 25,
1360 1727 1552 1768 16,11.—

881 1773 1042 1815 firmancl.
1061 1775 1111 1814 ei„
1129 1773 1182 1812 29,
1202 1773 1254 1813 23,
1274 1773 1305 1803 5.
1319 1791 1363 1795 —
1377 1783 1451 1804 cum
1469 1775 1552 1816 ipso,

884 1818 963 1849 weil
982 1818 1011 1848 in
1027 1817 1135 1860 fidem
1160 1817 1241 1849 dare
1260 1835 1300 1839 —
1319 1820 1470 1861 accipere
1492 1819 1552 1849 der

885 1862 1012 1903 Begriff
1039 1863 1098 1894 der
1131 1861 1357 1902 Vereinigung
1397 1863 1460 1894 und
1493 1863 1551 1894 des

885 1908 1134 1948 gegenseitigen
1168 1906 1422 1938 Verhiiltnisses
1457 1908 1549 1948 liegt,

884 1964 911 1985 s.
932 1953 961 1994 9,
979 1953 1006 1991 1,
1021 1953 1055 1983 S:
1074 1952 1158 1984 nihil
1172 1962 1250 1984 enm
1260 1955 1452 1995 potentiore
1464 1955 1552 1984 iuris

885 1998 1027 2040 lzzmqani
1064 1998 1266 2038 relinquitur·
1311 1999 1422 2041 inopi,
1470 1997 1549 2029 Ter.

885 2043 1015 2074 Phorm.
1036 2042 1066 2082 3,
1086 2042 1123 2083 2,
1142 2043 1199 2073 27:
1224 2052 1298 2074 eum
1316 2042 1371 2074 illo
1389 2045 1428 2074 ut
1443 2046 1552 2074 mutet

875 2088 997 2130 fidem.
1020 2106 1065 2110 —
1088 2098 1202 2119 coram
1226 2088 1426 2129 personiich,
1451 2099 1478 2119 c.
1501 2088 1550 2128 18,

887 2134 923 2171 73
948 2133 1001 2170 43,
1021 2134 1051 2170 5,
1077 2132 1112 2164 6:
1136 2134 1168 2164 si
1184 2143 1299 2164 coram
1317 2143 1420 2174 agere
1437 2133 1549 2171 z·ellet;

885 2178 939 2217 36,
962 2178 1012 2217 11,
1033 2178 1065 2208 1:
1084 2188 1195 2209 coram
1213 2180 1300 2219 ipse,
1325 2177 1391 2217 vgi.
1411 2177 1470 2217 25,
1498 2176 1549 2215 16,

888 2223 943 2254 13:
963 2224 1004 2254 ab
1021 2225 1095 2266 ipso
1115 2221 1262 2254 Graccho
1280 2227 1344 2253 etc.

931 2287 1052 2319 9—10.
1079 2289 1110 2318 in
1129 2287 1164 2318 id
1179 2285 1311 2325 darauf,
1339 2287 1397 2325 30,
1419 2287 1476 2326 12,
1498 2287 1549 2318 18.

872 2328 929 2356 '-—
946 2335 978 2364 in
1005 2334 1116 2364 omnia
1140 2332 1193 2363 fiir
1216 2332 1325 2371 Alles,
1354 2334 1433 2363 nach
1452 2332 1551 2372 jeder

887 2378 977 2409 Seite
997 2379 1066 2417 hin,
1085 2378 1150 2417 vgl.
1169 2378 1227 2415 21,
1253 2377 1290 2416 4,
1315 2378 1345 2408 2.
1364 2395 1407 2399 —
1424 2376 1548 2418 adsect.

886 2434 916 2456 φ’.
936 2423 1026 2465 Ajl'tn,
1045 2423 1112 2453 sich
1132 2423 1189 2453 mit
1208 2423 1268 2453 den
1284 2422 1550 2462 Angelegeuhei-

887 2473 941 2499 ten
973 2467 1102 2499 Africus
1136 2465 1288 2498 befnssvn
1323 2467 1453 2507 woiite,
1488 2468 1547 2498 den

887 2513 966 2545 Plan
987 2515 1075 2543 hatte
1096 2511 1205 2543 Africa
1224 2511 1455 2551 anzugreifen,
1481 2512 1549 2552 vgi.

889 2557 1275 2598 c.13,1‹›;2.3.23,9;
1302 2557 1439 2597 24,25,
1459 2558 1490 2588 5.
1507 2575 1551 2579 —

889 2603 987 2640 bello,
1018 2602 1077 2641 24,
1103 2603 1156 2634 49.
1180 2620 1224 2624 -
1247 2606 1325 2643 apte
1349 2602 1407 2641 od,
1437 2603 1468 2633 in
1493 2603 1552 2633 der

889 2648 1052 2688 Richtung
1071 2649 1150 2679 nach
1169 2647 1232 2678 und
1250 2646 1303 2678 fiir
1320 2648 1479 2690 Spanien,
1498 2646 1551 2685 24,

1580 959 1599 989 9

1581 1070 1622 1102 10
