1784 2967
444 160 445 163 η
477 142 508 170 x

240 186 320 225 292
652 181 777 214 LIBER
803 181 931 215 XXIX.
980 181 1073 214 CAP.
1100 182 1153 214 23.
1174 182 1227 214 24.

1497 198 1523 216 a.
1539 199 1566 216 u.
1582 191 1643 217 550.

235 287 428 327 mutabilia
450 285 705 325 barbarorum
728 284 880 335 ingenia
903 290 1045 331 essent,
1068 285 1225 332 veritus,
1248 296 1296 323 ne
1318 284 1350 323 si
1373 284 1588 324 traiecisset
1607 284 1646 323 in

234 345 398 384 Africam
418 342 562 393 Scipio,
585 353 747 393 parvum
769 341 961 381 vinculum
980 355 1044 381 eae
1060 342 1217 392 nuptiae
1234 346 1376 388 essent,
1398 341 1490 380 dum
1508 353 1645 380 accen-

233 414 321 440 sum
350 399 494 438 recenti
521 410 654 437 amore
675 398 881 437 Numidam
911 398 1038 445 hahet,
1061 399 1252 450 perpellit,
1275 397 1469 437 blanditiis
1493 410 1647 449 quoque

233 456 382 509 puellae
404 455 600 501 adhibitis,
624 460 666 493 ut
683 455 829 506 legatos
850 455 890 494 in
912 455 1079 495 Siciliam
1103 456 1148 494 ad
1173 455 1395 506 Scipionem
1419 455 1555 500 mittat,
1577 466 1647 506 per

235 525 334 564 quos
358 517 515 551 moneat
535 524 637 557 eum,
661 523 708 550 ne
729 512 925 563 prioribus
947 512 1027 550 suis
1050 512 1258 563 promissis
1279 512 1401 550 fretus
1422 511 1462 549 in
1480 511 1644 550 Africam

185 578 203 608 5
232 569 401 608 traiciat:
443 581 486 607 se
522 574 559 607 et
589 568 735 619 nuptiis
763 568 854 607 civis
882 568 1227 620 Carthaginiensis,
1255 568 1353 607 filiae
1380 567 1645 614 Hasdrubalis,

234 638 348 677 quem
382 625 520 664 viderit
550 625 651 675 apud
673 638 715 663 se
736 625 774 663 111
796 625 982 675 hospitio,
1006 631 1044 663 et
1064 625 1218 676 publico
1242 625 1356 664 etiam
1378 624 1536 663 foedere
1558 636 1646 663 cum

186 690 204 721 9
234 682 379 735 populo
409 681 712 732 Carthaginiensi
747 682 922 720 iunctum
960 687 1094 732 optare
1128 682 1316 733 primum,
1351 686 1395 720 ut
1429 680 1565 732 procul
1600 680 1646 719 ab

233 739 377 785 Africa,
407 739 506 777 sicut
533 738 660 776 adhuc
685 738 866 781 fecerint,
894 737 1033 776 bellum
1059 737 1224 777 Romani
1246 751 1332 777 cum
1356 737 1645 788 Carthaginien-

233 796 341 835 sibus
364 799 517 846 gerant,
544 806 593 833 ne
614 794 686 833 sibi
707 794 894 833 interesse
915 795 1188 834 certaminibus
1217 807 1351 834 eorum
1376 806 1561 845 armaque
1583 798 1648 832 aut

234 853 326 892 haec
347 857 412 891 aut
431 851 511 898 illa,
539 851 772 890 abnuentem
801 851 957 890 alteram
984 852 1229 898 societatem,
1260 851 1369 902 sequi
1397 863 1557 890 necesse
1578 850 1647 897 sit;

165 916 204 947 10
237 909 270 948 si
290 921 370 948 non
393 907 580 947 abstineat
601 908 728 947 Africa
751 908 880 958 Scipio
902 913 938 946 et
960 908 1179 959 Carthagini
1200 909 1407 946 exercitum
1431 908 1648 952 admoveat,

236 965 310 1005 sibi
330 966 592 1004 necessarium
614 965 698 1003 fore
720 969 757 1003 et
777 977 848 1016 pro
871 969 974 1003 terra
990 964 1129 1011 Africa,
1152 965 1190 1003 111
1212 977 1285 1015 qua
1307 969 1344 1002 et
1363 965 1447 1015 ipse
1468 964 1518 1002 sit
1538 963 1646 1014 geni—

234 1029 318 1070 tus,
347 1027 383 1060 et
405 1034 476 1073 pro
495 1021 616 1072 patria
639 1021 814 1072 coniugis
838 1034 928 1060 suae
949 1034 1098 1073 proque
1120 1026 1278 1072 parente
1298 1033 1341 1059 ac
1362 1020 1565 1071 penatibus
1588 1019 1647 1058 di-

236 1079 392 1123 micare.

156 1137 208 1175 24
351 1136 448 1174 Cum
477 1134 522 1173 iis
553 1134 745 1173 mandatis
773 1134 820 1173 ab
841 1146 929 1184 rege
948 1133 1062 1184 legati
1084 1134 1130 1172 ad
1155 1133 1376 1184 Scipionem
1400 1132 1510 1171 missi
1531 1132 1646 1184 Syra-

187 1198 206 1229 2
237 1193 341 1231 cusis
378 1204 466 1230 eum
503 1196 780 1230 convenerunt.
829 1191 960 1241 Scipio
997 1203 1230 1242 quamquam
1266 1202 1409 1240 magno
1447 1194 1647 1228 momento

235 1261 363 1288 rerum
393 1248 432 1286 111
461 1247 587 1287 Africa
613 1247 868 1298 gerendarum
897 1259 1110 1299 magnaque
1138 1259 1206 1298 spe
1235 1247 1442 1285 destitutus
1465 1251 1563 1291 erat,
1592 1245 1647 1284 le-

235 1306 331 1356 gatis
354 1316 535 1356 propere,
560 1305 788 1356 priusquam
810 1317 873 1342 res
896 1304 1126 1356 vulgaretur,
1147 1303 1322 1342 remissis
1341 1303 1380 1341 in
1397 1303 1564 1341 Africam
1584 1302 1645 1341 lit-

186 1373 205 1404 3
234 1368 337 1401 teras
360 1362 425 1400 dat
444 1361 490 1400 ad
512 1373 654 1412 regem,
675 1361 814 1412 quibus
837 1360 950 1399 etiam
972 1366 1084 1412 atque
1101 1360 1213 1399 etiam
1233 1365 1366 1399 monet
1380 1372 1480 1406 eum,
1502 1371 1550 1398 ne
1566 1359 1646 1397 iura

235 1418 395 1470 hospitii
424 1431 555 1457 secum
585 1431 661 1457 neu
692 1430 779 1457 cum
808 1418 954 1468 populo
977 1418 1155 1456 Romano
1185 1416 1300 1456 initae
1329 1415 1544 1462 societatis,
1572 1428 1645 1455 neu

186 352 202 383 *1

233 1543 261 1563 s.
287 1530 340 1571 28,
359 1530 412 1570 44,
431 1531 467 1568 53
496 1530 524 1569 1,
543 1529 596 1569 27,
618 1530 645 1560 1.
664 1548 708 1552 —-
724 1539 902 1561 accensum

234 1577 321 1618 Ιιαὸξ,
346 1586 383 1607 er
407 1576 463 1606 hat
486 1575 539 1605 ihn
564 1575 614 1605 als
639 1575 732 1605 einen
751 1585 781 1605 n.
802 1585 828 1605 s.
847 1584 901 1614 w.,

235 1622 316 1653 oder
334 1621 364 1652 in
384 1620 488 1660 Folge
504 1620 563 1651 der
580 1618 832 1659 Leidenschast,
851 1620 902 1650 die

236 1677 273 1698 er
295 1667 325 1698 in
350 1667 412 1697 ihm
438 1665 621 1696 entziindet
646 1666 714 1704 hat,
742 1666 771 1696 in
791 1666 904 1696 seiner

236 1711 379 1750 Gewast,
398 1711 465 1751 vgl.
484 1711 538 1749 45,
559 1710 609 1751 11,
629 1710 662 1741 2:
678 1710 758 1741 dum
773 1713 903 1742 conter-

234 1759 340 1789 ritum
358 1759 451 1788 metu
469 1774 513 1778 —
529 1756 667 1787 haberet.
685 1766 716 1786 u.
734 1765 763 1786 a.
783 1774 824 1777 —
837 1766 903 1798 ριι-

235 1802 333 1842 ellae,
368 1801 483 1843 Polyb.
524 1799 718 1841 παιδίσκη.
752 1819 794 1824 —-
825 1802 904 1832 civis

236 1848 364 1886 Carth„
379 1857 439 1878 aus
453 1847 558 1877 einem
574 1847 633 1876 der
647 1846 826 1887 punischen
837 1845 904 1877 Ge-

236 1894 434 1924 schlechter.
477 1891 574 1922 Diese
601 1892 724 1922 liielten
748 1891 815 1922 sich
840 1901 904 1922 von

235 1939 294 1969 der
313 1937 553 1976 Vermischung
577 1937 633 1967 mit
657 1937 717 1967 den
737 1936 904 1975 Eingebo-

237 1994 356 2023 renen,
381 1983 423 2014 im
450 1981 639 2021 Gegensatz
665 1993 704 2012 zu
725 1982 785 2012 den
804 1981 904 2024 Liby-

236 2028 444 2071 plffiniciern,
476 2027 563 2065 rein,
594 2027 658 2057 und
689 2027 741 2057 die
768 2027 905 2057 numidi-

236 2074 335 2105 schen
353 2071 487 2111 Ho'nige,
503 2072 627 2102 welche
644 2072 694 2101 ihr
708 2071 908 2102 Geschlecht

236 2117 422 2159 gleichsalls
438 2128 500 2147 11111
517 2117 577 2147 den
596 2116 787 2147 Phimiciern
804 2117 905 2147 durch

236 2166 297 2195 <len
317 2163 512 2205 (tyr-ischen)
533 2162 693 2192 Hercules
713 2161 905 2203 ableiteten,

237 2210 374 2241 suchten
399 2209 451 2239 die
470 2207 684 2247 Verbindung
700 2207 759 2238 mit
776 2207 908 2238 densel-

238 2255 310 2291 ben,
330 2265 356 2285 s.
377 2264 403 2283 c.
424 2252 476 2289 29,
501 2252 555 2290 123
584 2252 698 2294 Polyb.
720 2252 749 2288 1,
768 2252 820 2283 ῖὸ.
856 2252 904 2283 An

237 2311 268 2330 u.
290 2299 338 2330 St.
357 2298 420 2330 soll
437 2299 489 2328 die
506 2297 710 2337 Benmrkuug
728 2298 905 2337 andeuten,

240 2346 270 2375 111
289 2344 393 2375 einem
414 2344 474 2373 wie
494 2353 597 2381 engen
618 2343 850 2374 Verhiiltuisse
869 2353 906 2373 er

237 2389 635 2427 211C÷11·[ha·„··‹)stehc.—
649 2391 808 2431 primum,
825 2392 907 2418 sinit

239 2435 356 2466 deinde
380 2434 463 2473 solgt
490 2433 510 2473 ξ
533 2434 585 2463 10:
616 2436 647 2464 si
667 2445 743 2464 111111.
763 2451 806 2456 -—
823 2432 906 2464 alie-

238 2490 324 2518 ram,
344 2481 395 2510 die
410 2480 468 2509 dvi·
481 2479 666 2518 gvxxiihhen
683 2484 906 2518 entgegenge-

241 2529 367 2563 svtzle,
386 2522 456 2554 'fast
478 2524 584 2554 alleva
603 2527 690 2561 utra,
711 2534 736 2554 s.
759 2526 784 2562 l,
808 2524 855 2564 13,
874 2523 905 2556 3.

241 2587 284 2591 —-
301 2571 396 2610 sequi
417 2580 487 2599 nec.
513 2581 551 2606 s.,
570 2580 606 2599 so
626 2571 714 2600 steht
734 2570 820 2600 nicht
838 2569 904 2600 sel-

243 2618 297 2644 ten
317 2615 374 2645 der
392 2613 511 2645 lufinit.
530 2614 580 2645 bei
599 2625 734 2646 necesse
747 2617 809 2656 est,
828 2625 853 2646 s.
873 2613 904 2654 3,

976 1530 1029 1569 65,
1052 1529 1108 1567 113
1138 1528 1191 1568 22,
1210 1528 1262 1567 60,
1281 1528 1338 1560 26:
1358 1539 1432 1560 cum
1450 1538 1588 1560 manere
1603 1545 1648 1550 —

975 1585 1111 1606 necesse
1128 1576 1190 1611 est,
1211 1573 1264 1614 21,
1292 1574 1343 1613 11,
1371 1574 1381 1604 1
1415 1584 1445 1605 u.
1470 1583 1518 1611 a.;
1543 1582 1647 1615 syno-

977 1631 1053 1663 nym
1087 1620 1176 1650 steht
1209 1619 1251 1650 im
1280 1618 1374 1659 Folg.
1403 1619 1647 1659 necessarium,

977 1665 1042 1705 vgl.
1067 1664 1120 1704 40,
1139 1663 1192 1702 35,
1211 1664 1241 1695 6.
1260 1682 1304 1686 —
1323 1667 1416 1696 terra
1433 1664 1528 1705 Asin,
1547 1673 1574 1694 s.
1594 1663 1647 1702 25,

977 1711 1008 1750 7,
1032 1710 1063 1740 4.
1083 1728 1122 1731 -
1148 1712 1291 1752 parente
1319 1720 1348 1746 ¹¹.-
1375 1710 1546 1750 couiugss,
1576 1718 1646 1740 was

977 1756 1056 1787 auch
1086 1755 1137 1785 bei
1166 1755 1349 1797 penatibus
1373 1765 1415 1785 zu
1438 1753 1566 1785 denken
1592 1754 1646 1788 ist,

977 1801 1044 1841 vgl.
1065 1799 1118 1839 22,
1138 1799 1169 1837 8,
1188 1800 1217 1831 7.

1023 1839 1194 1878 24—27.
1213 1845 1340 1886 Scipios
1356 1844 1552 1884 Uebergang
1565 1845 1646 1875 nach

978 1890 1108 1928 Africa,
1128 1890 1265 1932 Appian.
1280 1890 1351 1921 Lib.
1371 1889 1426 1928 133
1444 1888 1525 1921 Zon.
1540 1889 1646 1930 9,12;

978 1936 1095 1968 Front.
1115 1936 1220 1967 Strat.
1241 1935 1271 1975 2,
1292 1935 1321 1974 7,
1341 1935 1372 1966 4.

1025 1981 1135 2012 2—4.
1163 1991 1381 2022 quamquam,
1406 1990 1500 2011 wenn
1526 1989 1561 2010 es
1586 1989 1647 2010 an-

979 2027 1055 2057 ders
1075 2026 1194 2065 richtig
1213 2026 1266 2063 ist,
1284 2027 1339 2056 hat
1353 2025 1464 2055 seinen
1480 2024 1646 2055 Nachsatz

979 2071 1154 2111 eigenllich
1177 2071 1266 2101 nicht
1285 2070 1314 2101 111
1333 2069 1455 2111 legalis
1473 2074 1549 2109 eto„
1569 2079 1646 2100 son-

978 2117 1076 2153 dern,
1102 2116 1257 2146 nachdem
1281 2116 1340 2146 der
1362 2114 1520 2146 Gedanke
1545 2115 1645 2146 durch

978 2165 1124 2192 coleram
1146 2161 1175 2191 111
1192 2160 1211 2202 ξ
1226 2161 1244 2191 4
1261 2161 1384 2191 wieder
1398 2158 1646 2200 aufgenommen

980 2208 1032 2243 ist,
1059 2207 1087 2236 111
1107 2206 1127 2246 ξ
1147 2206 1182 2236 5:
1211 2217 1275 2237 mm
1300 2205 1391 2237 ’1111ιά
1415 2211 1495 2237 eto:
1526 2215 1561 2236 so
1587 2205 1648 2236 be-

976 2252 1107 2283 schloss
1126 2252 1188 2282 111111
1209 2251 1322 2282 theilte
1341 2261 1378 2282 er
1395 2251 1475 2281 doch
1494 2250 1554 2281 den
1571 2249 1647 2281 Sol-

980 2298 1075 2328 danen
1096 2298 1163 2335 mit,
1182 2298 1258 2328 dass
1274 2307 1311 2327 er
1326 2297 1404 2327 nach
1421 2294 1532 2326 Africa
1548 2295 1646 2326 iiber—

980 2344 1083 2381 gehen
1112 2343 1219 2373 u-olle.
1256 2342 1320 2372 Das
1345 2341 1553 2372 dazwisrhen
1570 2340 1646 2371 Ste-

980 2388 1084 2418 honde
1113 2388 1238 2427 legatis
1259 2386 1425 2428 —sallat
1448 2386 1575 2417 vnlh'zilt
1595 2386 1646 2417 die

979 2431 1037 2463 auf
1063 2433 1113 2463 dic
1133 2432 1322 2464 (ἒς-5011111811
1351 2432 1418 2463 sich
1445 2431 1647 2462 beziehende

980 2479 1194 2516 Auordnung,
1211 2478 1228 2517 ξ
1244 2479 1262 2508 4
1277 2478 1328 2508 die
1345 2477 1470 2509 Motive
1485 2477 1544 2507 der
1559 2476 1646 2509 llede

980 2525 1042 2554 und
1062 2524 1120 2554 dci·
1137 2523 1157 2564 ξ
1176 2524 1194 2554 S
1214 2522 1387 2561 folgenden
1406 2521 1645 2553 voi-beveitun-

979 2579 1052 2608 gen.
1081 2587 1125 2591 —-
1154 2571 1336 2610 momento,
1366 2578 1393 2598 s.
1417 2577 1444 2599 c.
1471 2566 1523 2605 23,
1548 2567 1579 2600 2.
1606 2591 1647 2595 -

977 2616 1055 2646 iura
1072 2614 1191 2654 gehort
1208 2614 1289 2645 auch
1308 2624 1349 2644 zu
1367 2613 1558 2652 societatis,
1583 2617 1646 2648 wie
