<?xml version="1.0" encoding="UTF-8"?>
<!DOCTYPE html PUBLIC "-//W3C//DTD XHTML 1.0 Transitional//EN"
    "http://www.w3.org/TR/xhtml1/DTD/xhtml1-transitional.dtd">
<html xmlns="http://www.w3.org/1999/xhtml" xml:lang="en" lang="en">
 <head>
  <title>
</title>
<meta http-equiv="Content-Type" content="text/html;charset=utf-8" />
  <meta name='ocr-system' content='tesseract 3.04.00' />
  <meta name='ocr-capabilities' content='ocr_page ocr_carea ocr_par ocr_line ocrx_word'/>
</head>
<body>
  <div class='ocr_page' id='page_1' title='image "./aburbeconditalib0506livyuoft_0729.png"; bbox 0 0 1784 2967; ppageno 0'>
   <div class='ocr_carea' id='block_1_1' title="bbox 116 258 287 284">
    <p class='ocr_par' dir='ltr' id='par_1_1' title="bbox 116 258 287 284">
     <span class='ocr_line' id='line_1_1' title="bbox 116 258 287 284; baseline -0.006 0"><span class='ocrx_word' id='word_1_1' title='bbox 116 266 141 284; x_wconf 77' lang='lat' dir='ltr'>a.</span> <span class='ocrx_word' id='word_1_2' title='bbox 159 258 210 284; x_wconf 88' lang='lat' dir='ltr'>Ch.</span> <span class='ocrx_word' id='word_1_3' title='bbox 227 258 287 283; x_wconf 88' lang='grc'>203.</span> 
     </span>
    </p>
   </div>
   <div class='ocr_carea' id='block_1_2' title="bbox 556 247 962 280">
    <p class='ocr_par' dir='ltr' id='par_1_2' title="bbox 556 247 962 280">
     <span class='ocr_line' id='line_1_2' title="bbox 556 247 962 280; baseline 0 0"><span class='ocrx_word' id='word_1_4' title='bbox 556 248 681 280; x_wconf 84' lang='lat' dir='ltr'>LIBER</span> <span class='ocrx_word' id='word_1_5' title='bbox 706 247 821 280; x_wconf 89' lang='lat' dir='ltr'>XXX.</span> <span class='ocrx_word' id='word_1_6' title='bbox 872 249 962 280; x_wconf 74' lang='lat' dir='ltr'>CAP.</span> 
     </span>
    </p>
   </div>
   <div class='ocr_carea' id='block_1_3' title="bbox 990 249 1512 292">
    <p class='ocr_par' dir='ltr' id='par_1_3' title="bbox 990 249 1512 292">
     <span class='ocr_line' id='line_1_3' title="bbox 990 249 1512 292; baseline 0 -12"><span class='ocrx_word' id='word_1_7' title='bbox 990 249 1020 281; x_wconf 83' lang='lat'>9.</span> <span class='ocrx_word' id='word_1_8' title='bbox 1042 250 1092 280; x_wconf 88' lang='lat'>10.</span> <span class='ocrx_word' id='word_1_9' title='bbox 1439 252 1512 292; x_wconf 87' lang='lat'>341</span> 
     </span>
    </p>
   </div>
   <div class='ocr_carea' id='block_1_4' title="bbox 113 350 1522 458">
    <p class='ocr_par' dir='ltr' id='par_1_4' title="bbox 113 350 1522 458">
     <span class='ocr_line' id='line_1_4' title="bbox 113 350 1522 402; baseline 0.001 -12"><span class='ocrx_word' id='word_1_10' title='bbox 113 356 194 390; x_wconf 89' lang='lat' dir='ltr'>tere</span> <span class='ocrx_word' id='word_1_11' title='bbox 220 351 353 389; x_wconf 87' lang='lat' dir='ltr'>iubent</span> <span class='ocrx_word' id='word_1_12' title='bbox 383 351 429 389; x_wconf 89' lang='lat' dir='ltr'>ad</span> <span class='ocrx_word' id='word_1_13' title='bbox 460 350 756 402; x_wconf 85' lang='lat' dir='ltr'>opprimendam</span> <span class='ocrx_word' id='word_1_14' title='bbox 788 351 993 390; x_wconf 84' lang='lat' dir='ltr'>stationem</span> <span class='ocrx_word' id='word_1_15' title='bbox 1024 352 1178 391; x_wconf 89' lang='lat' dir='ltr'>navium</span> <span class='ocrx_word' id='word_1_16' title='bbox 1208 352 1253 391; x_wconf 91' lang='lat' dir='ltr'>ad</span> <span class='ocrx_word' id='word_1_17' title='bbox 1282 352 1430 392; x_wconf 82' lang='lat' dir='ltr'>Uticam</span> <span class='ocrx_word' id='word_1_18' title='bbox 1461 354 1522 392; x_wconf 90' lang='lat' dir='ltr'>in-</span> 
     </span>
     <span class='ocr_line' id='line_1_5' title="bbox 115 406 1521 458; baseline 0.001 -12"><span class='ocrx_word' id='word_1_19' title='bbox 115 413 223 446; x_wconf 84' lang='lat' dir='ltr'>caute</span> <span class='ocrx_word' id='word_1_20' title='bbox 260 411 454 458; x_wconf 88' lang='lat' dir='ltr'>agentem:</span> <span class='ocrx_word' id='word_1_21' title='bbox 489 407 653 446; x_wconf 82' lang='lat' dir='ltr'><strong>forsitan</strong></span> <span class='ocrx_word' id='word_1_22' title='bbox 689 406 801 446; x_wconf 87' lang='lat' dir='ltr'>etiam</span> <span class='ocrx_word' id='word_1_23' title='bbox 834 409 977 447; x_wconf 86' lang='lat' dir='ltr'>navalia</span> <span class='ocrx_word' id='word_1_24' title='bbox 1008 414 1150 455; x_wconf 85' lang='lat' dir='ltr'>castra,</span> <span class='ocrx_word' id='word_1_25' title='bbox 1180 410 1308 448; x_wconf 85' lang='lat' dir='ltr'>relicta</span> <span class='ocrx_word' id='word_1_26' title='bbox 1337 423 1424 448; x_wconf 88' lang='lat' dir='ltr'>cum</span> <span class='ocrx_word' id='word_1_27' title='bbox 1452 410 1521 449; x_wconf 85' lang='lat' dir='ltr'>levi</span> 
     </span>
    </p>
   </div>
   <div class='ocr_carea' id='block_1_5' title="bbox 114 465 640 515">
    <p class='ocr_par' dir='ltr' id='par_1_5' title="bbox 114 465 640 515">
     <span class='ocr_line' id='line_1_6' title="bbox 114 465 640 515; baseline -0.004 -12"><span class='ocrx_word' id='word_1_28' title='bbox 114 465 329 514; x_wconf 81' lang='lat' dir='ltr'>praesidio,</span> <span class='ocrx_word' id='word_1_29' title='bbox 367 475 640 515; x_wconf 77' lang='lat' dir='ltr'>oppressuros.</span> 
     </span>
    </p>
   </div>
   <div class='ocr_carea' id='block_1_6' title="bbox 694 463 1522 513">
    <p class='ocr_par' dir='ltr' id='par_1_6' title="bbox 694 463 1522 513">
     <span class='ocr_line' id='line_1_7' title="bbox 694 463 1522 513; baseline 0.006 -12"><span class='ocrx_word' id='word_1_30' title='bbox 694 463 732 501; x_wconf 90' lang='lat' dir='ltr'>in</span> <span class='ocrx_word' id='word_1_31' title='bbox 771 465 846 503; x_wconf 86' lang='lat' dir='ltr'>hoc</span> <span class='ocrx_word' id='word_1_32' title='bbox 884 465 1084 503; x_wconf 80' lang='lat' dir='ltr'>consilium</span> <span class='ocrx_word' id='word_1_33' title='bbox 1115 466 1279 504; x_wconf 85' lang='lat' dir='ltr'>maxime</span> <span class='ocrx_word' id='word_1_34' title='bbox 1316 466 1522 513; x_wconf 78' lang='lat' dir='ltr'>inclinant3</span> 
     </span>
    </p>
   </div>
   <div class='ocr_carea' id='block_1_7' title="bbox 64 519 1523 855">
    <p class='ocr_par' dir='ltr' id='par_1_7' title="bbox 64 519 1523 855">
     <span class='ocr_line' id='line_1_8' title="bbox 112 519 1523 573; baseline 0.002 -14"><span class='ocrx_word' id='word_1_35' title='bbox 112 521 257 571; x_wconf 85' lang='lat' dir='ltr'>legatos</span> <span class='ocrx_word' id='word_1_36' title='bbox 285 526 413 559; x_wconf 90' lang='lat' dir='ltr'>tamen</span> <span class='ocrx_word' id='word_1_37' title='bbox 442 521 488 559; x_wconf 85' lang='lat' dir='ltr'>ad</span> <span class='ocrx_word' id='word_1_38' title='bbox 511 519 761 558; x_wconf 87' lang='lat' dir='ltr'>Hannibalem</span> <span class='ocrx_word' id='word_1_39' title='bbox 788 521 998 560; x_wconf 88' lang='lat' dir='ltr'>mittendos</span> <span class='ocrx_word' id='word_1_40' title='bbox 1027 527 1206 560; x_wconf 88' lang='lat' dir='ltr'>censent:</span> <span class='ocrx_word' id='word_1_41' title='bbox 1236 523 1379 573; x_wconf 87' lang='lat' dir='ltr'>quippe</span> <span class='ocrx_word' id='word_1_42' title='bbox 1410 524 1523 562; x_wconf 82' lang='lat' dir='ltr'>classi</span> 
     </span>
     <span class='ocr_line' id='line_1_9' title="bbox 64 577 1523 628; baseline 0.001 -12"><span class='ocrx_word' id='word_1_43' title='bbox 64 583 84 615; x_wconf 87' lang='lat'>5</span> <span class='ocrx_word' id='word_1_44' title='bbox 112 582 155 616; x_wconf 88' lang='lat' dir='ltr'>ut</span> <span class='ocrx_word' id='word_1_45' title='bbox 174 577 395 616; x_wconf 89' lang='lat' dir='ltr'>felicissime</span> <span class='ocrx_word' id='word_1_46' title='bbox 416 582 596 628; x_wconf 74' lang='lat' dir='ltr'>gerantur</span> <span class='ocrx_word' id='word_1_47' title='bbox 616 588 691 623; x_wconf 64' lang='grc' dir='ltr'>ΓΕΒ,</span> <span class='ocrx_word' id='word_1_48' title='bbox 713 583 822 627; x_wconf 88' lang='lat' dir='ltr'>parte</span> <span class='ocrx_word' id='word_1_49' title='bbox 845 578 966 628; x_wconf 87' lang='lat' dir='ltr'>aliqua</span> <span class='ocrx_word' id='word_1_50' title='bbox 988 579 1100 617; x_wconf 87' lang='lat' dir='ltr'>levari</span> <span class='ocrx_word' id='word_1_51' title='bbox 1118 579 1247 617; x_wconf 83' lang='lat' dir='ltr'>Uticae</span> <span class='ocrx_word' id='word_1_52' title='bbox 1264 577 1523 627; x_wconf 80' lang='lat' dir='ltr'>obsidionem,</span> 
     </span>
     <span class='ocr_line' id='line_1_10' title="bbox 113 633 1522 686; baseline 0.001 -14"><span class='ocrx_word' id='word_1_53' title='bbox 113 633 379 684; x_wconf 82' lang='lat' dir='ltr'>Carthaginem</span> <span class='ocrx_word' id='word_1_54' title='bbox 401 633 525 684; x_wconf 85' lang='lat' dir='ltr'>ipsam</span> <span class='ocrx_word' id='word_1_55' title='bbox 549 633 613 683; x_wconf 90' lang='lat' dir='ltr'>qui</span> <span class='ocrx_word' id='word_1_56' title='bbox 634 637 804 682; x_wconf 84' lang='lat' dir='ltr'>tueatur,</span> <span class='ocrx_word' id='word_1_57' title='bbox 827 646 950 685; x_wconf 89' lang='lat' dir='ltr'>neque</span> <span class='ocrx_word' id='word_1_58' title='bbox 972 634 1245 685; x_wconf 83' lang='lat' dir='ltr'>imperatorem</span> <span class='ocrx_word' id='word_1_59' title='bbox 1269 635 1382 674; x_wconf 87' lang='lat' dir='ltr'>alium</span> <span class='ocrx_word' id='word_1_60' title='bbox 1406 648 1522 686; x_wconf 87' lang='lat' dir='ltr'>quam</span> 
     </span>
     <span class='ocr_line' id='line_1_11' title="bbox 112 690 1522 742; baseline 0.002 -15"><span class='ocrx_word' id='word_1_61' title='bbox 112 690 382 738; x_wconf 86' lang='lat' dir='ltr'>Hannibalem,</span> <span class='ocrx_word' id='word_1_62' title='bbox 411 702 534 740; x_wconf 87' lang='lat' dir='ltr'>neque</span> <span class='ocrx_word' id='word_1_63' title='bbox 556 690 763 728; x_wconf 84' lang='lat' dir='ltr'>exercitum</span> <span class='ocrx_word' id='word_1_64' title='bbox 785 690 898 729; x_wconf 87' lang='lat' dir='ltr'>alium</span> <span class='ocrx_word' id='word_1_65' title='bbox 923 703 1034 741; x_wconf 84' lang='lat' dir='ltr'>quam</span> <span class='ocrx_word' id='word_1_66' title='bbox 1059 691 1283 729; x_wconf 84' lang='lat' dir='ltr'>Hannibalis</span> <span class='ocrx_word' id='word_1_67' title='bbox 1306 704 1522 742; x_wconf 84' lang='lat' dir='ltr'>superesse.</span> 
     </span>
     <span class='ocr_line' id='line_1_12' title="bbox 113 746 1522 798; baseline 0.001 -13"><span class='ocrx_word' id='word_1_68' title='bbox 113 746 297 785; x_wconf 85' lang='lat' dir='ltr'>deductae</span> <span class='ocrx_word' id='word_1_69' title='bbox 324 759 415 796; x_wconf 86' lang='lat' dir='ltr'>ergo</span> <span class='ocrx_word' id='word_1_70' title='bbox 448 751 608 797; x_wconf 81' lang='lat' dir='ltr'>postero</span> <span class='ocrx_word' id='word_1_71' title='bbox 633 746 692 784; x_wconf 89' lang='lat' dir='ltr'>die</span> <span class='ocrx_word' id='word_1_72' title='bbox 712 758 848 794; x_wconf 88' lang='lat' dir='ltr'>naves,</span> <span class='ocrx_word' id='word_1_73' title='bbox 880 747 993 785; x_wconf 90' lang='lat' dir='ltr'>simul</span> <span class='ocrx_word' id='word_1_74' title='bbox 1016 752 1053 785; x_wconf 84' lang='lat' dir='ltr'>et</span> <span class='ocrx_word' id='word_1_75' title='bbox 1068 748 1177 797; x_wconf 81' lang='lat' dir='ltr'>legati</span> <span class='ocrx_word' id='word_1_76' title='bbox 1200 747 1237 784; x_wconf 90' lang='lat' dir='ltr'>in</span> <span class='ocrx_word' id='word_1_77' title='bbox 1260 747 1405 786; x_wconf 83' lang='lat' dir='ltr'>Italiam</span> <span class='ocrx_word' id='word_1_78' title='bbox 1429 761 1522 798; x_wconf 89' lang='lat' dir='ltr'>pro-</span> 
     </span>
     <span class='ocr_line' id='line_1_13' title="bbox 110 802 1520 855; baseline 0.002 -15"><span class='ocrx_word' id='word_1_79' title='bbox 110 802 217 849; x_wconf 65' lang='lat' dir='ltr'>fecti,</span> <span class='ocrx_word' id='word_1_80' title='bbox 246 802 462 853; x_wconf 86' lang='lat' dir='ltr'>raptimque</span> <span class='ocrx_word' id='word_1_81' title='bbox 491 802 621 841; x_wconf 86' lang='lat' dir='ltr'>omnia</span> <span class='ocrx_word' id='word_1_82' title='bbox 652 803 873 841; x_wconf 83' lang='lat' dir='ltr'>stimulante</span> <span class='ocrx_word' id='word_1_83' title='bbox 895 804 1050 842; x_wconf 86' lang='lat' dir='ltr'>fortuna</span> <span class='ocrx_word' id='word_1_84' title='bbox 1073 804 1299 852; x_wconf 83' lang='lat' dir='ltr'>agebantur,</span> <span class='ocrx_word' id='word_1_85' title='bbox 1329 809 1364 843; x_wconf 89' lang='lat' dir='ltr'>et</span> <span class='ocrx_word' id='word_1_86' title='bbox 1384 804 1422 842; x_wconf 90' lang='lat' dir='ltr'>in</span> <span class='ocrx_word' id='word_1_87' title='bbox 1445 817 1520 855; x_wconf 88' lang='lat' dir='ltr'>quo</span> 
     </span>
    </p>
   </div>
   <div class='ocr_carea' id='block_1_8' title="bbox 46 859 1339 910">
    <p class='ocr_par' dir='ltr' id='par_1_8' title="bbox 46 859 1339 910">
     <span class='ocr_line' id='line_1_14' title="bbox 46 859 1339 910; baseline 0.003 -16"><span class='ocrx_word' id='word_1_88' title='bbox 46 863 87 895; x_wconf 86' lang='lat'>10</span> <span class='ocrx_word' id='word_1_89' title='bbox 114 859 276 909; x_wconf 88' lang='lat' dir='ltr'>quisque</span> <span class='ocrx_word' id='word_1_90' title='bbox 298 864 501 905; x_wconf 82' lang='lat' dir='ltr'>cessasset,</span> <span class='ocrx_word' id='word_1_91' title='bbox 525 859 636 910; x_wconf 90' lang='lat' dir='ltr'>prodi</span> <span class='ocrx_word' id='word_1_92' title='bbox 660 859 706 897; x_wconf 91' lang='lat' dir='ltr'>ab</span> <span class='ocrx_word' id='word_1_93' title='bbox 730 872 771 898; x_wconf 87' lang='lat' dir='ltr'>se</span> <span class='ocrx_word' id='word_1_94' title='bbox 794 860 953 898; x_wconf 89' lang='lat' dir='ltr'>salutem</span> <span class='ocrx_word' id='word_1_95' title='bbox 978 860 1153 898; x_wconf 87' lang='lat' dir='ltr'>omnium</span> <span class='ocrx_word' id='word_1_96' title='bbox 1175 859 1339 898; x_wconf 84' lang='lat' dir='ltr'>rebatur.</span> 
     </span>
    </p>
   </div>
   <div class='ocr_carea' id='block_1_9' title="bbox 109 915 1524 1247">
    <p class='ocr_par' dir='ltr' id='par_1_9' title="bbox 109 915 1524 1247">
     <span class='ocr_line' id='line_1_15' title="bbox 223 915 1522 966; baseline 0.002 -13"><span class='ocrx_word' id='word_1_97' title='bbox 223 915 353 966; x_wconf 89' lang='lat' dir='ltr'>Scipio</span> <span class='ocrx_word' id='word_1_98' title='bbox 372 928 525 966; x_wconf 88' lang='lat' dir='ltr'>gravem</span> <span class='ocrx_word' id='word_1_99' title='bbox 549 916 621 954; x_wconf 90' lang='lat' dir='ltr'>iam</span> <span class='ocrx_word' id='word_1_100' title='bbox 645 916 780 966; x_wconf 89' lang='lat' dir='ltr'>spoliis</span> <span class='ocrx_word' id='word_1_101' title='bbox 802 916 1010 954; x_wconf 89' lang='lat' dir='ltr'>multarum</span> <span class='ocrx_word' id='word_1_102' title='bbox 1031 916 1188 954; x_wconf 83' lang='lat' dir='ltr'>urbium</span> <span class='ocrx_word' id='word_1_103' title='bbox 1213 916 1421 955; x_wconf 85' lang='lat' dir='ltr'>exercitum</span> <span class='ocrx_word' id='word_1_104' title='bbox 1443 922 1522 955; x_wconf 88' lang='lat' dir='ltr'>tra-</span> 
     </span>
     <span class='ocr_line' id='line_1_16' title="bbox 110 971 1522 1023; baseline 0.001 -14"><span class='ocrx_word' id='word_1_105' title='bbox 110 971 226 1019; x_wconf 84' lang='lat' dir='ltr'>henS,</span> <span class='ocrx_word' id='word_1_106' title='bbox 261 972 418 1022; x_wconf 86' lang='lat' dir='ltr'>captivis</span> <span class='ocrx_word' id='word_1_107' title='bbox 447 972 592 1022; x_wconf 83' lang='lat' dir='ltr'>aliaque</span> <span class='ocrx_word' id='word_1_108' title='bbox 623 973 763 1023; x_wconf 90' lang='lat' dir='ltr'>praeda</span> <span class='ocrx_word' id='word_1_109' title='bbox 785 972 824 1010; x_wconf 91' lang='lat' dir='ltr'>in</span> <span class='ocrx_word' id='word_1_110' title='bbox 844 978 969 1011; x_wconf 85' lang='lat' dir='ltr'>vetera</span> <span class='ocrx_word' id='word_1_111' title='bbox 992 977 1115 1010; x_wconf 85' lang='lat' dir='ltr'>castra</span> <span class='ocrx_word' id='word_1_112' title='bbox 1138 973 1182 1010; x_wconf 89' lang='lat' dir='ltr'>ad</span> <span class='ocrx_word' id='word_1_113' title='bbox 1206 973 1353 1011; x_wconf 86' lang='lat' dir='ltr'>Uticam</span> <span class='ocrx_word' id='word_1_114' title='bbox 1378 973 1522 1016; x_wconf 81' lang='lat' dir='ltr'>missis.</span> 
     </span>
     <span class='ocr_line' id='line_1_17' title="bbox 111 1027 1522 1078; baseline 0.001 -13"><span class='ocrx_word' id='word_1_115' title='bbox 111 1027 187 1066; x_wconf 88' lang='lat' dir='ltr'>iam</span> <span class='ocrx_word' id='word_1_116' title='bbox 226 1027 267 1065; x_wconf 88' lang='lat' dir='ltr'>in</span> <span class='ocrx_word' id='word_1_117' title='bbox 301 1028 568 1078; x_wconf 86' lang='lat' dir='ltr'>Carthaginem</span> <span class='ocrx_word' id='word_1_118' title='bbox 599 1028 771 1067; x_wconf 83' lang='lat' dir='ltr'>intentus</span> <span class='ocrx_word' id='word_1_119' title='bbox 804 1033 968 1078; x_wconf 88' lang='lat' dir='ltr'>occupat</span> <span class='ocrx_word' id='word_1_120' title='bbox 998 1029 1172 1066; x_wconf 83' lang='lat' dir='ltr'>relictum</span> <span class='ocrx_word' id='word_1_121' title='bbox 1200 1028 1289 1078; x_wconf 76' lang='lat' dir='ltr'>fuga</span> <span class='ocrx_word' id='word_1_122' title='bbox 1317 1029 1522 1067; x_wconf 84' lang='lat' dir='ltr'>custodum</span> 
     </span>
     <span class='ocr_line' id='line_1_18' title="bbox 109 1083 1522 1135; baseline 0.002 -15"><span class='ocrx_word' id='word_1_123' title='bbox 109 1083 265 1134; x_wconf 87' lang='lat' dir='ltr'>Tyneta.</span> <span class='ocrx_word' id='word_1_124' title='bbox 307 1084 415 1122; x_wconf 83' lang='lat' dir='ltr'>abest</span> <span class='ocrx_word' id='word_1_125' title='bbox 442 1097 461 1123; x_wconf 85' lang='lat' dir='ltr'>a</span> <span class='ocrx_word' id='word_1_126' title='bbox 485 1084 713 1134; x_wconf 88' lang='lat' dir='ltr'>Carthagine</span> <span class='ocrx_word' id='word_1_127' title='bbox 735 1085 954 1135; x_wconf 88' lang='lat' dir='ltr'>quindecim</span> <span class='ocrx_word' id='word_1_128' title='bbox 977 1085 1092 1122; x_wconf 86' lang='lat' dir='ltr'>millia</span> <span class='ocrx_word' id='word_1_129' title='bbox 1113 1085 1235 1122; x_wconf 86' lang='lat' dir='ltr'>ferme</span> <span class='ocrx_word' id='word_1_130' title='bbox 1257 1096 1441 1134; x_wconf 85' lang='lat' dir='ltr'>passuum</span> <span class='ocrx_word' id='word_1_131' title='bbox 1464 1085 1522 1123; x_wconf 94' lang='lat' dir='ltr'>lo-</span> 
     </span>
     <span class='ocr_line' id='line_1_19' title="bbox 112 1140 1522 1191; baseline 0 -13"><span class='ocrx_word' id='word_1_132' title='bbox 112 1151 178 1178; x_wconf 88' lang='lat' dir='ltr'>cus</span> <span class='ocrx_word' id='word_1_133' title='bbox 209 1152 296 1179; x_wconf 87' lang='lat' dir='ltr'>cum</span> <span class='ocrx_word' id='word_1_134' title='bbox 329 1140 512 1190; x_wconf 85' lang='lat' dir='ltr'>operibus</span> <span class='ocrx_word' id='word_1_135' title='bbox 535 1145 616 1178; x_wconf 87' lang='lat' dir='ltr'>tum</span> <span class='ocrx_word' id='word_1_136' title='bbox 641 1146 777 1191; x_wconf 86' lang='lat' dir='ltr'>suapte</span> <span class='ocrx_word' id='word_1_137' title='bbox 799 1146 933 1179; x_wconf 85' lang='lat' dir='ltr'>natura</span> <span class='ocrx_word' id='word_1_138' title='bbox 951 1145 1070 1186; x_wconf 82' lang='lat' dir='ltr'>tutus,</span> <span class='ocrx_word' id='word_1_139' title='bbox 1092 1146 1129 1178; x_wconf 87' lang='lat' dir='ltr'>et</span> <span class='ocrx_word' id='word_1_140' title='bbox 1151 1141 1214 1191; x_wconf 81' lang='lat' dir='ltr'>qui</span> <span class='ocrx_word' id='word_1_141' title='bbox 1237 1145 1273 1178; x_wconf 91' lang='lat' dir='ltr'>et</span> <span class='ocrx_word' id='word_1_142' title='bbox 1295 1140 1339 1178; x_wconf 88' lang='lat' dir='ltr'>ab</span> <span class='ocrx_word' id='word_1_143' title='bbox 1362 1140 1522 1179; x_wconf 85' lang='lat' dir='ltr'>Cartha—</span> 
     </span>
     <span class='ocr_line' id='line_1_20' title="bbox 110 1196 1524 1247; baseline 0.001 -14"><span class='ocrx_word' id='word_1_144' title='bbox 110 1196 198 1246; x_wconf 84' lang='lat' dir='ltr'>gine</span> <span class='ocrx_word' id='word_1_145' title='bbox 221 1196 393 1246; x_wconf 84' lang='lat' dir='ltr'>conspici</span> <span class='ocrx_word' id='word_1_146' title='bbox 416 1202 452 1235; x_wconf 90' lang='lat' dir='ltr'>et</span> <span class='ocrx_word' id='word_1_147' title='bbox 473 1197 655 1247; x_wconf 84' lang='lat' dir='ltr'>praehere</span> <span class='ocrx_word' id='word_1_148' title='bbox 676 1197 761 1247; x_wconf 89' lang='lat' dir='ltr'>ipse</span> <span class='ocrx_word' id='word_1_149' title='bbox 782 1199 823 1235; x_wconf 73' lang='lat' dir='ltr'>in</span> <span class='ocrx_word' id='word_1_150' title='bbox 845 1202 1098 1247; x_wconf 85' lang='lat' dir='ltr'>conspectum</span> <span class='ocrx_word' id='word_1_151' title='bbox 1123 1197 1401 1235; x_wconf 83' lang='lat' dir='ltr'>circumfusum</span> <span class='ocrx_word' id='word_1_152' title='bbox 1419 1209 1524 1235; x_wconf 87' lang='lat' dir='ltr'>mare</span> 
     </span>
    </p>
   </div>
   <div class='ocr_carea' id='block_1_10' title="bbox 108 1252 353 1303">
    <p class='ocr_par' dir='ltr' id='par_1_10' title="bbox 108 1252 353 1303">
     <span class='ocr_line' id='line_1_21' title="bbox 108 1252 353 1303; baseline 0 -13"><span class='ocrx_word' id='word_1_153' title='bbox 108 1252 194 1290; x_wconf 88' lang='lat' dir='ltr'>urbi</span> <span class='ocrx_word' id='word_1_154' title='bbox 214 1253 353 1303; x_wconf 85' lang='lat' dir='ltr'>possit.</span> 
     </span>
    </p>
   </div>
   <div class='ocr_carea' id='block_1_11' title="bbox 221 1308 1521 1359">
    <p class='ocr_par' dir='ltr' id='par_1_11' title="bbox 221 1308 1521 1359">
     <span class='ocr_line' id='line_1_22' title="bbox 221 1308 1521 1359; baseline 0.001 -13"><span class='ocrx_word' id='word_1_155' title='bbox 221 1309 332 1355; x_wconf 84' lang='lat' dir='ltr'>Inde,</span> <span class='ocrx_word' id='word_1_156' title='bbox 372 1321 461 1347; x_wconf 90' lang='lat' dir='ltr'>cum</span> <span class='ocrx_word' id='word_1_157' title='bbox 500 1309 665 1347; x_wconf 83' lang='lat' dir='ltr'>maxime</span> <span class='ocrx_word' id='word_1_158' title='bbox 710 1308 850 1347; x_wconf 91' lang='lat' dir='ltr'>vallum</span> <span class='ocrx_word' id='word_1_159' title='bbox 884 1308 1049 1347; x_wconf 88' lang='lat' dir='ltr'>Romani</span> <span class='ocrx_word' id='word_1_160' title='bbox 1092 1309 1275 1353; x_wconf 83' lang='lat' dir='ltr'>iacerent,</span> <span class='ocrx_word' id='word_1_161' title='bbox 1315 1314 1521 1359; x_wconf 85' lang='lat' dir='ltr'>conspecta</span> 
     </span>
    </p>
   </div>
   <div class='ocr_carea' id='block_1_12' title="bbox 109 1364 1181 1415">
    <p class='ocr_par' dir='ltr' id='par_1_12' title="bbox 109 1364 1181 1415">
     <span class='ocr_line' id='line_1_23' title="bbox 109 1364 1181 1415; baseline 0.001 -13"><span class='ocrx_word' id='word_1_162' title='bbox 109 1364 243 1403; x_wconf 83' lang='lat' dir='ltr'>classis</span> <span class='ocrx_word' id='word_1_163' title='bbox 269 1365 442 1403; x_wconf 89' lang='lat' dir='ltr'>hostium</span> <span class='ocrx_word' id='word_1_164' title='bbox 469 1370 527 1403; x_wconf 88' lang='lat' dir='ltr'>est</span> <span class='ocrx_word' id='word_1_165' title='bbox 549 1365 697 1403; x_wconf 89' lang='lat' dir='ltr'>Uticam</span> <span class='ocrx_word' id='word_1_166' title='bbox 726 1378 746 1403; x_wconf 90' lang='lat' dir='ltr'>a</span> <span class='ocrx_word' id='word_1_167' title='bbox 775 1365 1003 1415; x_wconf 84' lang='lat' dir='ltr'>Carthagine</span> <span class='ocrx_word' id='word_1_168' title='bbox 1033 1370 1181 1415; x_wconf 87' lang='lat' dir='ltr'>petens.</span> 
     </span>
    </p>
   </div>
   <div class='ocr_carea' id='block_1_13' title="bbox 1228 1365 1520 1413">
    <p class='ocr_par' dir='ltr' id='par_1_13' title="bbox 1228 1365 1520 1413">
     <span class='ocr_line' id='line_1_24' title="bbox 1228 1365 1520 1413; baseline 0.003 -11"><span class='ocrx_word' id='word_1_169' title='bbox 1228 1365 1344 1413; x_wconf 84' lang='lat' dir='ltr'>igitur</span> <span class='ocrx_word' id='word_1_170' title='bbox 1371 1366 1520 1403; x_wconf 89' lang='lat' dir='ltr'>omisso</span> 
     </span>
    </p>
   </div>
   <div class='ocr_carea' id='block_1_14' title="bbox 113 1420 1524 1472">
    <p class='ocr_par' dir='ltr' id='par_1_14' title="bbox 113 1420 1524 1472">
     <span class='ocr_line' id='line_1_25' title="bbox 113 1420 1524 1472; baseline 0.001 -14"><span class='ocrx_word' id='word_1_171' title='bbox 113 1433 229 1472; x_wconf 84' lang='lat' dir='ltr'>opere</span> <span class='ocrx_word' id='word_1_172' title='bbox 271 1421 564 1471; x_wconf 88' lang='lat' dir='ltr'>pronuntiatum</span> <span class='ocrx_word' id='word_1_173' title='bbox 607 1421 697 1467; x_wconf 88' lang='lat' dir='ltr'>iter,</span> <span class='ocrx_word' id='word_1_174' title='bbox 739 1421 924 1472; x_wconf 87' lang='lat' dir='ltr'>signaque</span> <span class='ocrx_word' id='word_1_175' title='bbox 963 1421 1102 1471; x_wconf 85' lang='lat' dir='ltr'>raptim</span> <span class='ocrx_word' id='word_1_176' title='bbox 1136 1420 1228 1458; x_wconf 86' lang='lat' dir='ltr'>ferri</span> <span class='ocrx_word' id='word_1_177' title='bbox 1256 1426 1348 1460; x_wconf 86' lang='lat' dir='ltr'>sunt</span> <span class='ocrx_word' id='word_1_178' title='bbox 1378 1426 1524 1471; x_wconf 84' lang='lat' dir='ltr'>coepta,</span> 
     </span>
    </p>
   </div>
   <div class='ocr_carea' id='block_1_15' title="bbox 103 1583 782 2615">
    <p class='ocr_par' dir='ltr' id='par_1_15' title="bbox 103 1583 781 2036">
     <span class='ocr_line' id='line_1_26' title="bbox 103 1583 775 1631; baseline 0 -12"><span class='ocrx_word' id='word_1_179' title='bbox 103 1583 242 1629; x_wconf 70' lang='grc' dir='ltr'><em>’Ῑτύκηι</em></span> <span class='ocrx_word' id='word_1_180' title='bbox 265 1588 556 1631; x_wconf 75' lang='grc' dir='ltr'><em>πολιορκοιντας</em></span> <span class='ocrx_word' id='word_1_181' title='bbox 578 1587 638 1619; x_wconf 83' lang='grc' dir='ltr'>καὶ</span> <span class='ocrx_word' id='word_1_182' title='bbox 655 1585 721 1629; x_wconf 77' lang='grc' dir='ltr'>τήι</span> <span class='ocrx_word' id='word_1_183' title='bbox 737 1597 775 1619; x_wconf 84' lang='grc' dir='ltr'>τε</span> 
     </span>
     <span class='ocr_line' id='line_1_27' title="bbox 106 1629 773 1675; baseline -0.001 -11"><span class='ocrx_word' id='word_1_184' title='bbox 106 1633 328 1664; x_wconf 77' lang='grc' dir='ltr'><em>πολιοοκίαν</em></span> <span class='ocrx_word' id='word_1_185' title='bbox 357 1634 562 1675; x_wconf 48' lang='grc' dir='ltr'><em>πειρᾶσθαι</em></span> <span class='ocrx_word' id='word_1_186' title='bbox 596 1629 694 1664; x_wconf 77' lang='grc' dir='ltr'><em>λύειν</em></span> <span class='ocrx_word' id='word_1_187' title='bbox 716 1632 773 1663; x_wconf 79' lang='grc' dir='ltr'>καὶ</span> 
     </span>
     <span class='ocr_line' id='line_1_28' title="bbox 106 1674 777 1719; baseline -0.005 -9"><span class='ocrx_word' id='word_1_188' title='bbox 106 1680 312 1719; x_wconf 76' lang='grc' dir='ltr'><em>ναυμαχεῖν</em></span> <span class='ocrx_word' id='word_1_189' title='bbox 328 1680 405 1713; x_wconf 80' lang='grc' dir='ltr'><em>τοῖς</em></span> <span class='ocrx_word' id='word_1_190' title='bbox 419 1677 663 1715; x_wconf 69' lang='grc' dir='ltr'>ὑπεναντιοις,</span> <span class='ocrx_word' id='word_1_191' title='bbox 679 1674 777 1708; x_wconf 77' lang='grc' dir='ltr'><em>ἀπα-</em></span> 
     </span>
     <span class='ocr_line' id='line_1_29' title="bbox 109 1718 777 1765; baseline 0 -13"><span class='ocrx_word' id='word_1_192' title='bbox 109 1720 300 1764; x_wconf 68' lang='grc' dir='ltr'><strong><em>ρασκεύοις</em></strong></span> <span class='ocrx_word' id='word_1_193' title='bbox 319 1722 399 1753; x_wconf 66' lang='lat' dir='ltr'>oum</span> <span class='ocrx_word' id='word_1_194' title='bbox 421 1720 515 1765; x_wconf 77' lang='grc' dir='ltr'>πρὸς</span> <span class='ocrx_word' id='word_1_195' title='bbox 531 1721 638 1753; x_wconf 81' lang='grc' dir='ltr'><em>τοῦτο</em></span> <span class='ocrx_word' id='word_1_196' title='bbox 657 1718 697 1752; x_wconf 78' lang='grc' dir='ltr'>τὸ</span> <span class='ocrx_word' id='word_1_197' title='bbox 711 1722 777 1765; x_wconf 84' lang='grc' dir='ltr'><em>με’-</em></span> 
     </span>
     <span class='ocr_line' id='line_1_30' title="bbox 108 1766 778 1810; baseline -0.003 -12"><span class='ocrx_word' id='word_1_198' title='bbox 108 1777 181 1810; x_wconf 66' lang='lat' dir='ltr'>(mg.</span> <span class='ocrx_word' id='word_1_199' title='bbox 195 1767 298 1798; x_wconf 80' lang='lat' dir='ltr'>—ad</span> <span class='ocrx_word' id='word_1_200' title='bbox 315 1768 457 1810; x_wconf 34' lang='lat' dir='ltr'>oppr&#39;ssm</span> <span class='ocrx_word' id='word_1_201' title='bbox 475 1770 528 1807; x_wconf 54' lang='lat' dir='ltr'>st„</span> <span class='ocrx_word' id='word_1_202' title='bbox 548 1777 574 1797; x_wconf 90' lang='lat' dir='ltr'>s.</span> <span class='ocrx_word' id='word_1_203' title='bbox 594 1766 705 1805; x_wconf 91' lang='lat' dir='ltr'>zu25,</span> <span class='ocrx_word' id='word_1_204' title='bbox 727 1766 778 1805; x_wconf 87' lang='grc'>16,</span> 
     </span>
     <span class='ocr_line' id='line_1_31' title="bbox 107 1811 778 1851; baseline -0.003 -8"><span class='ocrx_word' id='word_1_205' title='bbox 107 1813 137 1843; x_wconf 84' lang='grc'>9.</span> <span class='ocrx_word' id='word_1_206' title='bbox 155 1829 200 1834; x_wconf 88' lang='lat'>—</span> <span class='ocrx_word' id='word_1_207' title='bbox 215 1814 336 1851; x_wconf 72' lang='lat' dir='ltr'>statio,</span> <span class='ocrx_word' id='word_1_208' title='bbox 362 1813 412 1843; x_wconf 88' lang='lat' dir='ltr'>die</span> <span class='ocrx_word' id='word_1_209' title='bbox 431 1822 491 1843; x_wconf 86' lang='lat' dir='ltr'>vor</span> <span class='ocrx_word' id='word_1_210' title='bbox 509 1811 602 1843; x_wconf 84' lang='lat' dir='ltr'>Utica</span> <span class='ocrx_word' id='word_1_211' title='bbox 621 1812 778 1842; x_wconf 86' lang='lat' dir='ltr'>stehende</span> 
     </span>
     <span class='ocr_line' id='line_1_32' title="bbox 106 1854 781 1900; baseline -0.003 -11"><span class='ocrx_word' id='word_1_212' title='bbox 106 1856 231 1896; x_wconf 76' lang='lat' dir='ltr'>Flotte,</span> <span class='ocrx_word' id='word_1_213' title='bbox 251 1858 333 1899; x_wconf 86' lang='lat' dir='ltr'>App</span> <span class='ocrx_word' id='word_1_214' title='bbox 354 1854 781 1900; x_wconf 60' lang='lat' dir='ltr'>1·a13‹5m‘}u02v.—-71a2=a-</span> 
     </span>
     <span class='ocr_line' id='line_1_33' title="bbox 107 1901 778 1943; baseline -0.003 -10"><span class='ocrx_word' id='word_1_215' title='bbox 107 1902 155 1933; x_wconf 79' lang='lat' dir='ltr'>lia</span> <span class='ocrx_word' id='word_1_216' title='bbox 172 1912 198 1933; x_wconf 89' lang='lat' dir='ltr'>c.</span> <span class='ocrx_word' id='word_1_217' title='bbox 208 1903 299 1943; x_wconf 77' lang='lat' dir='ltr'>,wol</span> <span class='ocrx_word' id='word_1_218' title='bbox 319 1902 370 1933; x_wconf 88' lang='lat' dir='ltr'>die</span> <span class='ocrx_word' id='word_1_219' title='bbox 390 1903 442 1941; x_wconf 73' lang='lat'>29,</span> <span class='ocrx_word' id='word_1_220' title='bbox 462 1901 514 1940; x_wconf 97' lang='lat'>35,</span> <span class='ocrx_word' id='word_1_221' title='bbox 535 1902 551 1931; x_wconf 79' lang='lat'>7</span> <span class='ocrx_word' id='word_1_222' title='bbox 574 1911 641 1932; x_wconf 81' lang='lat' dir='ltr'>erw</span> <span class='ocrx_word' id='word_1_223' title='bbox 647 1901 778 1940; x_wconf 72' lang='lat' dir='ltr'>hhnten,</span> 
     </span>
     <span class='ocr_line' id='line_1_34' title="bbox 107 1943 779 1990; baseline 0 -13"><span class='ocrx_word' id='word_1_224' title='bbox 107 1957 134 1978; x_wconf 90' lang='lat' dir='ltr'>s.</span> <span class='ocrx_word' id='word_1_225' title='bbox 161 1947 258 1978; x_wconf 43' lang='lat' dir='ltr'>Zona</span> <span class='ocrx_word' id='word_1_226' title='bbox 284 1944 378 1990; x_wconf 72' lang='grc' dir='ltr'>πηὸς</span> <span class='ocrx_word' id='word_1_227' title='bbox 403 1945 442 1978; x_wconf 84' lang='grc' dir='ltr'>τὸ</span> <span class='ocrx_word' id='word_1_228' title='bbox 468 1945 582 1989; x_wconf 69' lang='grc' dir='ltr'><em>ἔθιμα</em></span> <span class='ocrx_word' id='word_1_229' title='bbox 609 1946 682 1978; x_wconf 78' lang='grc' dir='ltr'>τῶν</span> <span class='ocrx_word' id='word_1_230' title='bbox 696 1943 779 1977; x_wconf 74' lang='lat' dir='ltr'>‘P-(o</span> 
     </span>
     <span class='ocr_line' id='line_1_35' title="bbox 105 1979 666 2036; baseline -0.002 -12.993"><span class='ocrx_word' id='word_1_231' title='bbox 105 1995 229 2036; x_wconf 68' lang='lat' dir='ltr'>naim</span> <span class='ocrx_word' id='word_1_232' title='bbox 247 1979 474 2036; x_wconf 70' lang='grc' dir='ltr'><em>(ιχειμαὸίω</em></span> <span class='ocrx_word' id='word_1_233' title='bbox 493 1991 666 2033; x_wconf 65' lang='grc' dir='ltr'>ἐχρῶντο.</span> 
     </span>
    </p>

    <p class='ocr_par' dir='ltr' id='par_1_16' title="bbox 106 2035 781 2563">
     <span class='ocr_line' id='line_1_36' title="bbox 153 2035 779 2112; baseline -0.002 -44"><span class='ocrx_word' id='word_1_234' title='bbox 153 2038 264 2068; x_wconf 76' lang='grc'>7-9.</span> <span class='ocrx_word' id='word_1_235' title='bbox 278 2037 406 2112; x_wconf 74' lang='lat' dir='ltr'>7classi,</span> <span class='ocrx_word' id='word_1_236' title='bbox 431 2048 457 2068; x_wconf 86' lang='lat' dir='ltr'>s.</span> <span class='ocrx_word' id='word_1_237' title='bbox 476 2036 534 2074; x_wconf 70' lang='grc'>25,</span> <span class='ocrx_word' id='word_1_238' title='bbox 563 2037 595 2074; x_wconf 89' lang='grc'>7,</span> <span class='ocrx_word' id='word_1_239' title='bbox 625 2035 779 2075; x_wconf 66' lang='grc' dir='ltr'>Ῐῖ-ιιί,</span> 
     </span>
     <span class='ocr_line' id='line_1_37' title="bbox 107 2081 777 2121; baseline 0 -9"><span class='ocrx_word' id='word_1_240' title='bbox 107 2081 166 2121; x_wconf 75' lang='grc'>28,</span> <span class='ocrx_word' id='word_1_241' title='bbox 194 2082 252 2121; x_wconf 91' lang='grc'>12,</span> <span class='ocrx_word' id='word_1_242' title='bbox 306 2083 391 2121; x_wconf 87' lang='grc'>;22,</span> <span class='ocrx_word' id='word_1_243' title='bbox 412 2082 470 2121; x_wconf 90' lang='grc'>25,</span> <span class='ocrx_word' id='word_1_244' title='bbox 489 2081 519 2112; x_wconf 92' lang='lat'>2.</span> <span class='ocrx_word' id='word_1_245' title='bbox 537 2081 777 2119; x_wconf 71' lang='lat' dir='ltr'>—deduclae3</span> 
     </span>
     <span class='ocr_line' id='line_1_38' title="bbox 106 2106 780 2170; baseline 0 -13"><span class='ocrx_word' id='word_1_246' title='bbox 106 2106 212 2169; x_wconf 58' lang='lat' dir='ltr'>P0l3b</span> <span class='ocrx_word' id='word_1_247' title='bbox 218 2139 244 2158; x_wconf 85' lang='lat'>.:</span> <span class='ocrx_word' id='word_1_248' title='bbox 279 2127 316 2157; x_wconf 82' lang='grc' dir='ltr'>οἱ</span> <span class='ocrx_word' id='word_1_249' title='bbox 347 2126 416 2170; x_wconf 78' lang='grc' dir='ltr'>μὲι</span> <span class='ocrx_word' id='word_1_250' title='bbox 450 2128 500 2161; x_wconf 75' lang='grc' dir='ltr'>εἰς</span> <span class='ocrx_word' id='word_1_251' title='bbox 528 2123 593 2165; x_wconf 74' lang='grc' dir='ltr'>τὴν</span> <span class='ocrx_word' id='word_1_252' title='bbox 623 2122 780 2157; x_wconf 63' lang='lat' dir='ltr'>&#39;mm</span> 
     </span>
     <span class='ocr_line' id='line_1_39' title="bbox 106 2168 781 2219; baseline -0.001 -17"><span class='ocrx_word' id='word_1_253' title='bbox 106 2171 302 2215; x_wconf 71' lang='grc' dir='ltr'><em>μέλλοπτες</em></span> <span class='ocrx_word' id='word_1_254' title='bbox 334 2172 441 2203; x_wconf 76' lang='grc' dir='ltr'><em>πλεΐι</em></span> <span class='ocrx_word' id='word_1_255' title='bbox 457 2168 612 2219; x_wconf 72' lang='grc' dir='ltr'><em>εὐθέως</em></span> <span class='ocrx_word' id='word_1_256' title='bbox 644 2170 682 2202; x_wconf 75' lang='grc' dir='ltr'>ἐκ</span> <span class='ocrx_word' id='word_1_257' title='bbox 716 2171 781 2201; x_wconf 76' lang='grc' dir='ltr'>τοῦ</span> 
     </span>
     <span class='ocr_line' id='line_1_40' title="bbox 107 2204 781 2267; baseline -0.002 -20"><span class='ocrx_word' id='word_1_258' title='bbox 107 2216 368 2257; x_wconf 70' lang='grc' dir='ltr'>βουλευτηρίου</span> <span class='ocrx_word' id='word_1_259' title='bbox 408 2204 576 2267; x_wconf 72' lang='grc' dir='ltr'>προῆγον</span> <span class='ocrx_word' id='word_1_260' title='bbox 615 2214 674 2248; x_wconf 70' lang='grc' dir='ltr'>ἔπι</span> <span class='ocrx_word' id='word_1_261' title='bbox 710 2212 781 2247; x_wconf 73' lang='grc' dir='ltr'>θά-</span> 
     </span>
     <span class='ocr_line' id='line_1_41' title="bbox 107 2258 782 2303; baseline 0 -12"><span class='ocrx_word' id='word_1_262' title='bbox 107 2260 256 2301; x_wconf 66' lang='grc' dir='ltr'>λατταπ,</span> <span class='ocrx_word' id='word_1_263' title='bbox 286 2260 305 2291; x_wconf 86' lang='grc' dir='ltr'>ὁ</span> <span class='ocrx_word' id='word_1_264' title='bbox 338 2259 379 2292; x_wconf 77' lang='grc' dir='ltr'>δὲ</span> <span class='ocrx_word' id='word_1_265' title='bbox 412 2258 594 2303; x_wconf 70' lang='grc' dir='ltr'><em>Πύαρχος</em></span> <span class='ocrx_word' id='word_1_266' title='bbox 626 2260 688 2292; x_wconf 71' lang='grc' dir='ltr'>ἐπι</span> <span class='ocrx_word' id='word_1_267' title='bbox 719 2271 782 2295; x_wconf 77' lang='grc' dir='ltr'>τας</span> 
     </span>
     <span class='ocr_line' id='line_1_42' title="bbox 108 2305 780 2346; baseline -0.003 -8"><span class='ocrx_word' id='word_1_268' title='bbox 108 2306 207 2341; x_wconf 82' lang='grc' dir='ltr'><em>ναῦς.</em></span> <span class='ocrx_word' id='word_1_269' title='bbox 226 2325 267 2327; x_wconf 91' lang='grc'>--</span> <span class='ocrx_word' id='word_1_270' title='bbox 287 2317 409 2345; x_wconf 77' lang='lat' dir='ltr'>omnm,</span> <span class='ocrx_word' id='word_1_271' title='bbox 440 2307 521 2336; x_wconf 84' lang='lat' dir='ltr'>auch</span> <span class='ocrx_word' id='word_1_272' title='bbox 552 2306 609 2336; x_wconf 81' lang='lat' dir='ltr'>das</span> <span class='ocrx_word' id='word_1_273' title='bbox 633 2305 654 2346; x_wconf 65' lang='grc' dir='ltr'><strong>ξ</strong></span> <span class='ocrx_word' id='word_1_274' title='bbox 673 2306 691 2336; x_wconf 99' lang='grc'>4</span> <span class='ocrx_word' id='word_1_275' title='bbox 718 2306 780 2336; x_wconf 86' lang='lat' dir='ltr'>Be-</span> 
     </span>
     <span class='ocr_line' id='line_1_43' title="bbox 109 2350 779 2392; baseline -0.002 -10"><span class='ocrx_word' id='word_1_276' title='bbox 109 2352 262 2382; x_wconf 81' lang='lat' dir='ltr'>stimmte.</span> <span class='ocrx_word' id='word_1_277' title='bbox 281 2369 325 2373; x_wconf 70' lang='lat'>——</span> <span class='ocrx_word' id='word_1_278' title='bbox 341 2362 375 2382; x_wconf 69' lang='grc' dir='ltr'>τη</span> <span class='ocrx_word' id='word_1_279' title='bbox 401 2362 464 2392; x_wconf 82' lang='lat' dir='ltr'>quo</span> <span class='ocrx_word' id='word_1_280' title='bbox 482 2369 523 2373; x_wconf 89' lang='lat'><strong>—</strong></span> <span class='ocrx_word' id='word_1_281' title='bbox 542 2352 692 2387; x_wconf 71' lang='lat' dir='ltr'>⁷··,eha2m</span> <span class='ocrx_word' id='word_1_282' title='bbox 713 2350 779 2381; x_wconf 85' lang='lat' dir='ltr'>Du·</span> 
     </span>
     <span class='ocr_line' id='line_1_44' title="bbox 109 2393 780 2437; baseline 0 -11"><span class='ocrx_word' id='word_1_283' title='bbox 109 2395 170 2427; x_wconf 80' lang='lat' dir='ltr'>ker</span> <span class='ocrx_word' id='word_1_284' title='bbox 203 2396 388 2435; x_wconf 79' lang='lat' dir='ltr'>vergleiclit</span> <span class='ocrx_word' id='word_1_285' title='bbox 420 2395 567 2437; x_wconf 74' lang='lat' dir='ltr'>Thucyd.</span> <span class='ocrx_word' id='word_1_286' title='bbox 601 2395 636 2435; x_wconf 83' lang='lat'>2,</span> <span class='ocrx_word' id='word_1_287' title='bbox 672 2395 707 2425; x_wconf 81' lang='lat' dir='ltr'>S:</span> <span class='ocrx_word' id='word_1_288' title='bbox 742 2393 780 2426; x_wconf 76' lang='grc' dir='ltr'>ἒν</span> 
     </span>
     <span class='ocr_line' id='line_1_45' title="bbox 109 2436 779 2473; baseline -0.003 -1"><span class='ocrx_word' id='word_1_289' title='bbox 109 2437 227 2472; x_wconf 80' lang='grc' dir='ltr'><em>τούτω</em></span> <span class='ocrx_word' id='word_1_290' title='bbox 252 2452 289 2473; x_wconf 76' lang='grc' dir='ltr'>τε</span> <span class='ocrx_word' id='word_1_291' title='bbox 308 2441 442 2473; x_wconf 54' lang='lat' dir='ltr'>mnndi</span> <span class='ocrx_word' id='word_1_292' title='bbox 439 2444 536 2471; x_wconf 75' lang='grc' dir='ltr'>σΊαι</span> <span class='ocrx_word' id='word_1_293' title='bbox 556 2436 674 2471; x_wconf 68' lang='grc' dir='ltr'><em>ἐδόκει</em></span> <span class='ocrx_word' id='word_1_294' title='bbox 694 2437 779 2471; x_wconf 75' lang='grc' dir='ltr'><em>ἑκά-</em></span> 
     </span>
     <span class='ocr_line' id='line_1_46' title="bbox 111 2481 781 2529; baseline -0.003 -12"><span class='ocrx_word' id='word_1_295' title='bbox 111 2494 184 2517; x_wconf 78' lang='grc' dir='ltr'>στω</span> <span class='ocrx_word' id='word_1_296' title='bbox 203 2497 247 2517; x_wconf 77' lang='grc' dir='ltr'>Π.</span> <span class='ocrx_word' id='word_1_297' title='bbox 267 2482 476 2529; x_wconf 69' lang='grc' dir='ltr'>πι)(ἕ,ἰ,μ(ιτ(</span> <span class='ocrx_word' id='word_1_298' title='bbox 494 2484 520 2527; x_wconf 73' lang='grc' dir='ltr'><em>ᾧ</em></span> <span class='ocrx_word' id='word_1_299' title='bbox 539 2483 658 2528; x_wconf 77' lang='grc' dir='ltr'><em>μήτις</em></span> <span class='ocrx_word' id='word_1_300' title='bbox 673 2481 781 2520; x_wconf 71' lang='grc' dir='ltr'><em>αἰτὸς</em></span> 
     </span>
     <span class='ocr_line' id='line_1_47' title="bbox 109 2531 302 2574; baseline -0.022 -11"><span class='ocrx_word' id='word_1_301' title='bbox 109 2531 302 2574; x_wconf 76' lang='grc' dir='ltr'>παρέσται</span> 
     </span>
    </p>

    <p class='ocr_par' dir='ltr' id='par_1_17' title="bbox 156 2573 782 2615">
     <span class='ocr_line' id='line_1_48' title="bbox 156 2573 782 2615; baseline -0.003 -9"><span class='ocrx_word' id='word_1_302' title='bbox 156 2575 545 2615; x_wconf 71' lang='lat' dir='ltr'>10—12.z··ete1a,die</span> <span class='ocrx_word' id='word_1_303' title='bbox 570 2578 679 2605; x_wconf 81' lang='lat' dir='ltr'>castra</span> <span class='ocrx_word' id='word_1_304' title='bbox 701 2573 782 2604; x_wconf 90' lang='lat' dir='ltr'>Cor-</span> 
     </span>
    </p>
   </div>
   <div class='ocr_carea' id='block_1_16' title="bbox 110 2618 783 2706">
    <p class='ocr_par' dir='ltr' id='par_1_18' title="bbox 110 2618 783 2706">
     <span class='ocr_line' id='line_1_49' title="bbox 110 2618 783 2662; baseline -0.003 -11"><span class='ocrx_word' id='word_1_305' title='bbox 110 2621 240 2652; x_wconf 83' lang='lat' dir='ltr'>neliana</span> <span class='ocrx_word' id='word_1_306' title='bbox 258 2620 311 2659; x_wconf 57' lang='lat'>20,</span> <span class='ocrx_word' id='word_1_307' title='bbox 331 2620 384 2651; x_wconf 90' lang='grc'>35.</span> <span class='ocrx_word' id='word_1_308' title='bbox 398 2639 442 2643; x_wconf 85' lang='lat'>—</span> <span class='ocrx_word' id='word_1_309' title='bbox 461 2619 509 2662; x_wconf 74' lang='lat' dir='ltr'>Ty</span> <span class='ocrx_word' id='word_1_310' title='bbox 512 2622 590 2651; x_wconf 71' lang='lat' dir='ltr'>nefa</span> <span class='ocrx_word' id='word_1_311' title='bbox 606 2620 671 2650; x_wconf 86' lang='lat' dir='ltr'>wie</span> <span class='ocrx_word' id='word_1_312' title='bbox 689 2630 716 2650; x_wconf 89' lang='lat' dir='ltr'>c.</span> <span class='ocrx_word' id='word_1_313' title='bbox 733 2618 783 2658; x_wconf 92' lang='grc'>16,</span> 
     </span>
     <span class='ocr_line' id='line_1_50' title="bbox 112 2646 782 2706; baseline -0.004 -10"><span class='ocrx_word' id='word_1_314' title='bbox 112 2665 145 2706; x_wconf 89' lang='grc'>1,</span> <span class='ocrx_word' id='word_1_315' title='bbox 164 2646 399 2705; x_wconf 65' lang='lat' dir='ltr'>s.37‚1i3;6;</span> <span class='ocrx_word' id='word_1_316' title='bbox 424 2666 570 2705; x_wconf 81' lang='lat' dir='ltr'>dagegen</span> <span class='ocrx_word' id='word_1_317' title='bbox 599 2675 626 2696; x_wconf 91' lang='lat' dir='ltr'>c.</span> <span class='ocrx_word' id='word_1_318' title='bbox 644 2663 704 2704; x_wconf 88' lang='grc'>36,</span> <span class='ocrx_word' id='word_1_319' title='bbox 731 2662 782 2694; x_wconf 77' lang='lat' dir='ltr'>ssf.</span> 
     </span>
    </p>
   </div>
   <div class='ocr_carea' id='block_1_17' title="bbox 848 1586 1526 2077">
    <p class='ocr_par' dir='ltr' id='par_1_19' title="bbox 848 1586 1526 2077">
     <span class='ocr_line' id='line_1_51' title="bbox 852 1586 1523 1627; baseline -0.003 -8"><span class='ocrx_word' id='word_1_320' title='bbox 852 1586 1029 1625; x_wconf 66' lang='lat' dir='ltr'>Tunetemg</span> <span class='ocrx_word' id='word_1_321' title='bbox 1046 1586 1207 1627; x_wconf 86' lang='lat' dir='ltr'>Tunes‚j.</span> <span class='ocrx_word' id='word_1_322' title='bbox 1224 1586 1340 1626; x_wconf 87' lang='lat' dir='ltr'>Tunis,</span> <span class='ocrx_word' id='word_1_323' title='bbox 1357 1586 1523 1618; x_wconf 87' lang='lat' dir='ltr'>siidwest-</span> 
     </span>
     <span class='ocr_line' id='line_1_52' title="bbox 848 1631 1523 1672; baseline -0.003 -8"><span class='ocrx_word' id='word_1_324' title='bbox 848 1633 911 1664; x_wconf 92' lang='lat' dir='ltr'>lich</span> <span class='ocrx_word' id='word_1_325' title='bbox 935 1643 998 1663; x_wconf 92' lang='lat' dir='ltr'>von</span> <span class='ocrx_word' id='word_1_326' title='bbox 1019 1632 1182 1672; x_wconf 84' lang='lat' dir='ltr'>Carthago</span> <span class='ocrx_word' id='word_1_327' title='bbox 1199 1642 1238 1662; x_wconf 85' lang='lat' dir='ltr'>an</span> <span class='ocrx_word' id='word_1_328' title='bbox 1258 1633 1317 1662; x_wconf 87' lang='lat' dir='ltr'>der</span> <span class='ocrx_word' id='word_1_329' title='bbox 1335 1631 1523 1663; x_wconf 77' lang='lat' dir='ltr'>Westseite</span> 
     </span>
     <span class='ocr_line' id='line_1_53' title="bbox 850 1677 1524 1716; baseline -0.001 -8"><span class='ocrx_word' id='word_1_330' title='bbox 850 1678 908 1708; x_wconf 87' lang='lat' dir='ltr'>des</span> <span class='ocrx_word' id='word_1_331' title='bbox 923 1688 984 1708; x_wconf 87' lang='lat' dir='ltr'>nur</span> <span class='ocrx_word' id='word_1_332' title='bbox 997 1677 1097 1708; x_wconf 84' lang='lat' dir='ltr'>durch</span> <span class='ocrx_word' id='word_1_333' title='bbox 1113 1678 1185 1707; x_wconf 88' lang='lat' dir='ltr'>eine</span> <span class='ocrx_word' id='word_1_334' title='bbox 1201 1677 1343 1707; x_wconf 85' lang='lat' dir='ltr'>schmale</span> <span class='ocrx_word' id='word_1_335' title='bbox 1356 1677 1524 1716; x_wconf 83' lang='lat' dir='ltr'>Miindung</span> 
     </span>
     <span class='ocr_line' id='line_1_54' title="bbox 849 1721 1526 1761; baseline -0.003 -8"><span class='ocrx_word' id='word_1_336' title='bbox 849 1722 908 1753; x_wconf 82' lang='lat' dir='ltr'>mit</span> <span class='ocrx_word' id='word_1_337' title='bbox 923 1722 996 1752; x_wconf 87' lang='lat' dir='ltr'>dem</span> <span class='ocrx_word' id='word_1_338' title='bbox 1013 1721 1124 1752; x_wconf 83' lang='lat' dir='ltr'>Meere</span> <span class='ocrx_word' id='word_1_339' title='bbox 1142 1722 1526 1761; x_wconf 71' lang='lat' dir='ltr'>zusammenhiingenden</span> 
     </span>
     <span class='ocr_line' id='line_1_55' title="bbox 853 1764 1525 1805; baseline 0 -9"><span class='ocrx_word' id='word_1_340' title='bbox 853 1764 947 1797; x_wconf 86' lang='lat' dir='ltr'>Golfs</span> <span class='ocrx_word' id='word_1_341' title='bbox 972 1776 1035 1796; x_wconf 87' lang='lat' dir='ltr'>von</span> <span class='ocrx_word' id='word_1_342' title='bbox 1054 1765 1177 1805; x_wconf 85' lang='lat' dir='ltr'>Tunis,</span> <span class='ocrx_word' id='word_1_343' title='bbox 1201 1764 1262 1796; x_wconf 85' lang='lat' dir='ltr'>auf</span> <span class='ocrx_word' id='word_1_344' title='bbox 1282 1766 1386 1796; x_wconf 85' lang='lat' dir='ltr'>einem</span> <span class='ocrx_word' id='word_1_345' title='bbox 1406 1766 1525 1796; x_wconf 79' lang='lat' dir='ltr'>erhiih-</span> 
     </span>
     <span class='ocr_line' id='line_1_56' title="bbox 852 1808 1523 1850; baseline -0.003 -8"><span class='ocrx_word' id='word_1_346' title='bbox 852 1816 906 1842; x_wconf 85' lang='lat' dir='ltr'>ten</span> <span class='ocrx_word' id='word_1_347' title='bbox 927 1810 1066 1850; x_wconf 82' lang='lat' dir='ltr'>Felsen,</span> <span class='ocrx_word' id='word_1_348' title='bbox 1090 1821 1153 1841; x_wconf 86' lang='lat' dir='ltr'>von</span> <span class='ocrx_word' id='word_1_349' title='bbox 1173 1811 1244 1840; x_wconf 81' lang='lat' dir='ltr'>dein</span> <span class='ocrx_word' id='word_1_350' title='bbox 1263 1820 1322 1840; x_wconf 87' lang='lat' dir='ltr'>aus</span> <span class='ocrx_word' id='word_1_351' title='bbox 1341 1811 1400 1840; x_wconf 85' lang='lat' dir='ltr'>der</span> <span class='ocrx_word' id='word_1_352' title='bbox 1419 1808 1523 1841; x_wconf 81' lang='lat' dir='ltr'>Hafen</span> 
     </span>
     <span class='ocr_line' id='line_1_57' title="bbox 853 1855 1524 1895; baseline -0.003 -8"><span class='ocrx_word' id='word_1_353' title='bbox 853 1855 1052 1895; x_wconf 82' lang='lat' dir='ltr'>Carthagos,</span> <span class='ocrx_word' id='word_1_354' title='bbox 1078 1865 1117 1885; x_wconf 81' lang='lat' dir='ltr'>an</span> <span class='ocrx_word' id='word_1_355' title='bbox 1152 1855 1211 1885; x_wconf 86' lang='lat' dir='ltr'>der</span> <span class='ocrx_word' id='word_1_356' title='bbox 1234 1855 1388 1885; x_wconf 79' lang='lat' dir='ltr'>Siidseite</span> <span class='ocrx_word' id='word_1_357' title='bbox 1413 1855 1524 1886; x_wconf 78' lang='lat' dir='ltr'>dieser</span> 
     </span>
     <span class='ocr_line' id='line_1_58' title="bbox 853 1899 1525 1940; baseline -0.001 -9"><span class='ocrx_word' id='word_1_358' title='bbox 853 1901 965 1939; x_wconf 85' lang='lat' dir='ltr'>Stadt,</span> <span class='ocrx_word' id='word_1_359' title='bbox 990 1901 1134 1940; x_wconf 85' lang='lat' dir='ltr'>gesehen</span> <span class='ocrx_word' id='word_1_360' title='bbox 1165 1900 1298 1930; x_wconf 86' lang='lat' dir='ltr'>werden</span> <span class='ocrx_word' id='word_1_361' title='bbox 1328 1899 1462 1930; x_wconf 86' lang='lat' dir='ltr'>konnte.</span> <span class='ocrx_word' id='word_1_362' title='bbox 1480 1917 1525 1922; x_wconf 91' lang='lat'>—-</span> 
     </span>
     <span class='ocr_line' id='line_1_59' title="bbox 852 1944 1525 1988; baseline -0.001 -12"><span class='ocrx_word' id='word_1_363' title='bbox 852 1946 1014 1988; x_wconf 75' lang='lat' dir='ltr'>praebere</span> <span class='ocrx_word' id='word_1_364' title='bbox 1036 1946 1069 1976; x_wconf 79' lang='grc' dir='ltr'><strong><em>ιή</em></strong></span> <span class='ocrx_word' id='word_1_365' title='bbox 1088 1955 1178 1976; x_wconf 78' lang='lat' dir='ltr'>cons.</span> <span class='ocrx_word' id='word_1_366' title='bbox 1190 1970 1197 1982; x_wconf 87' lang='lat'>,</span> <span class='ocrx_word' id='word_1_367' title='bbox 1215 1945 1278 1975; x_wconf 86' lang='lat' dir='ltr'>wie</span> <span class='ocrx_word' id='word_1_368' title='bbox 1297 1944 1380 1976; x_wconf 80' lang='lat' dir='ltr'>dare</span> <span class='ocrx_word' id='word_1_369' title='bbox 1395 1946 1430 1975; x_wconf 71' lang='lat' dir='ltr'>in</span> <span class='ocrx_word' id='word_1_370' title='bbox 1448 1955 1525 1976; x_wconf 86' lang='lat' dir='ltr'>con-</span> 
     </span>
     <span class='ocr_line' id='line_1_60' title="bbox 853 1989 1523 2032; baseline -0.001 -11"><span class='ocrx_word' id='word_1_371' title='bbox 853 1993 1024 2032; x_wconf 72' lang='lat' dir='ltr'>spectum,</span> <span class='ocrx_word' id='word_1_372' title='bbox 1053 2000 1079 2020; x_wconf 91' lang='lat' dir='ltr'>s.</span> <span class='ocrx_word' id='word_1_373' title='bbox 1104 1990 1138 2030; x_wconf 84' lang='lat'>3,</span> <span class='ocrx_word' id='word_1_374' title='bbox 1164 1989 1223 2028; x_wconf 78' lang='lat'>69,</span> <span class='ocrx_word' id='word_1_375' title='bbox 1249 1989 1288 2028; x_wconf 78' lang='lat'>93</span> <span class='ocrx_word' id='word_1_376' title='bbox 1313 1989 1379 2020; x_wconf 88' lang='lat' dir='ltr'>Cic.</span> <span class='ocrx_word' id='word_1_377' title='bbox 1399 1989 1472 2020; x_wconf 81' lang='lat' dir='ltr'>Div.</span> <span class='ocrx_word' id='word_1_378' title='bbox 1493 1989 1523 2027; x_wconf 85' lang='lat'>2,</span> 
     </span>
     <span class='ocr_line' id='line_1_61' title="bbox 853 2035 1524 2077; baseline 0 -12"><span class='ocrx_word' id='word_1_379' title='bbox 853 2035 913 2074; x_wconf 79' lang='grc'>20,</span> <span class='ocrx_word' id='word_1_380' title='bbox 939 2035 999 2073; x_wconf 72' lang='grc'>41;</span> <span class='ocrx_word' id='word_1_381' title='bbox 1032 2035 1166 2074; x_wconf 76' lang='lat' dir='ltr'>Madvig</span> <span class='ocrx_word' id='word_1_382' title='bbox 1193 2044 1296 2065; x_wconf 87' lang='lat' dir='ltr'>verm.</span> <span class='ocrx_word' id='word_1_383' title='bbox 1321 2036 1524 2077; x_wconf 77' lang='lat' dir='ltr'>conspectui,</span> 
     </span>
    </p>
   </div>
   <div class='ocr_carea' id='block_1_18' title="bbox 1554 927 1594 959">
    <p class='ocr_par' dir='ltr' id='par_1_20' title="bbox 1554 927 1594 959">
     <span class='ocr_line' id='line_1_62' title="bbox 1554 927 1594 959; baseline -0.025 0"><span class='ocrx_word' id='word_1_384' title='bbox 1554 927 1594 959; x_wconf 76' lang='lat'>10</span> 
     </span>
    </p>
   </div>
   <div class='ocr_carea' id='block_1_19' title="bbox 1555 1097 1594 1184">
    <p class='ocr_par' dir='ltr' id='par_1_21' title="bbox 1555 1097 1594 1184">
     <span class='ocr_line' id='line_1_63' title="bbox 1555 1097 1592 1129; baseline 0 0"><span class='ocrx_word' id='word_1_385' title='bbox 1555 1097 1592 1129; x_wconf 86' lang='lat'>11</span> 
     </span>
     <span class='ocr_line' id='line_1_64' title="bbox 1555 1153 1594 1184; baseline 0.026 -1"><span class='ocrx_word' id='word_1_386' title='bbox 1555 1153 1594 1184; x_wconf 90' lang='grc'>12</span> 
     </span>
    </p>
   </div>
   <div class='ocr_carea' id='block_1_20' title="bbox 849 2079 1586 2124">
    <p class='ocr_par' dir='ltr' id='par_1_22' title="bbox 849 2079 1586 2124">
     <span class='ocr_line' id='line_1_65' title="bbox 849 2079 1586 2124; baseline -0.001 -14"><span class='ocrx_word' id='word_1_387' title='bbox 849 2080 992 2121; x_wconf 85' lang='lat' dir='ltr'>jiingere</span> <span class='ocrx_word' id='word_1_388' title='bbox 1007 2080 1105 2110; x_wconf 83' lang='lat' dir='ltr'>Hdss.</span> <span class='ocrx_word' id='word_1_389' title='bbox 1125 2079 1228 2110; x_wconf 80' lang='lat' dir='ltr'>haben</span> <span class='ocrx_word' id='word_1_390' title='bbox 1248 2080 1304 2110; x_wconf 84' lang='lat' dir='ltr'>das</span> <span class='ocrx_word' id='word_1_391' title='bbox 1323 2079 1524 2120; x_wconf 86' lang='lat' dir='ltr'>passendere</span> <span class='ocrx_word' id='word_1_392' title='bbox 1582 2121 1586 2124; x_wconf 90' lang='lat'>.</span> 
     </span>
    </p>
   </div>
   <div class='ocr_carea' id='block_1_21' title="bbox 850 2123 1527 2703">
    <p class='ocr_par' dir='ltr' id='par_1_23' title="bbox 850 2123 1527 2703">
     <span class='ocr_line' id='line_1_66' title="bbox 850 2123 1524 2168; baseline -0.004 -11"><span class='ocrx_word' id='word_1_393' title='bbox 850 2127 1069 2168; x_wconf 74' lang='lat' dir='ltr'>prospectum</span> <span class='ocrx_word' id='word_1_394' title='bbox 1084 2124 1129 2155; x_wconf 77' lang='lat' dir='ltr'>ad</span> <span class='ocrx_word' id='word_1_395' title='bbox 1141 2124 1309 2164; x_wconf 71' lang='lat' dir='ltr'>circumf,</span> <span class='ocrx_word' id='word_1_396' title='bbox 1322 2134 1349 2154; x_wconf 90' lang='lat' dir='ltr'>s.</span> <span class='ocrx_word' id='word_1_397' title='bbox 1359 2124 1413 2163; x_wconf 82' lang='lat'>29,</span> <span class='ocrx_word' id='word_1_398' title='bbox 1429 2124 1479 2163; x_wconf 87' lang='grc'>26,</span> <span class='ocrx_word' id='word_1_399' title='bbox 1494 2123 1524 2162; x_wconf 88' lang='grc'>8,</span> 
     </span>
     <span class='ocr_line' id='line_1_67' title="bbox 853 2168 1525 2209; baseline -0.001 -9"><span class='ocrx_word' id='word_1_400' title='bbox 853 2170 920 2209; x_wconf 84' lang='lat' dir='ltr'>vgl.</span> <span class='ocrx_word' id='word_1_401' title='bbox 941 2170 1000 2208; x_wconf 82' lang='lat'>37,</span> <span class='ocrx_word' id='word_1_402' title='bbox 1027 2169 1085 2208; x_wconf 88' lang='lat'>23,</span> <span class='ocrx_word' id='word_1_403' title='bbox 1107 2168 1138 2200; x_wconf 90' lang='grc'>6.</span> <span class='ocrx_word' id='word_1_404' title='bbox 1156 2179 1312 2200; x_wconf 79' lang='lat' dir='ltr'>—mare</span> <span class='ocrx_word' id='word_1_405' title='bbox 1328 2170 1406 2200; x_wconf 79' lang='lat' dir='ltr'>urbi</span> <span class='ocrx_word' id='word_1_406' title='bbox 1422 2168 1525 2199; x_wconf 82' lang='lat' dir='ltr'>bildet</span> 
     </span>
     <span class='ocr_line' id='line_1_68' title="bbox 854 2213 1527 2255; baseline -0.001 -10"><span class='ocrx_word' id='word_1_407' title='bbox 854 2215 914 2245; x_wconf 85' lang='lat' dir='ltr'>den</span> <span class='ocrx_word' id='word_1_408' title='bbox 935 2214 1131 2253; x_wconf 77' lang='lat' dir='ltr'>Uebergang</span> <span class='ocrx_word' id='word_1_409' title='bbox 1149 2224 1221 2244; x_wconf 87' lang='lat' dir='ltr'>zum</span> <span class='ocrx_word' id='word_1_410' title='bbox 1241 2213 1335 2253; x_wconf 81' lang='lat' dir='ltr'>Folg.</span> <span class='ocrx_word' id='word_1_411' title='bbox 1354 2231 1396 2234; x_wconf 89' lang='lat'><strong>—</strong></span> <span class='ocrx_word' id='word_1_412' title='bbox 1412 2214 1527 2255; x_wconf 79' lang='lat' dir='ltr'>possit</span> 
     </span>
     <span class='ocr_line' id='line_1_69' title="bbox 853 2257 1469 2300; baseline -0.003 -10"><span class='ocrx_word' id='word_1_413' title='bbox 853 2260 883 2290; x_wconf 91' lang='lat' dir='ltr'>in</span> <span class='ocrx_word' id='word_1_414' title='bbox 904 2259 1014 2298; x_wconf 79' lang='lat' dir='ltr'>Bezug</span> <span class='ocrx_word' id='word_1_415' title='bbox 1030 2257 1089 2289; x_wconf 83' lang='lat' dir='ltr'>auf</span> <span class='ocrx_word' id='word_1_416' title='bbox 1102 2260 1217 2295; x_wconf 79' lang='lat' dir='ltr'>abest·</span> <span class='ocrx_word' id='word_1_417' title='bbox 1238 2258 1327 2288; x_wconf 83' lang='lat' dir='ltr'>nicht</span> <span class='ocrx_word' id='word_1_418' title='bbox 1342 2260 1469 2300; x_wconf 75' lang='lat' dir='ltr'>posset.</span> 
     </span>
     <span class='ocr_line' id='line_1_70' title="bbox 901 2299 1523 2343; baseline -0.003 -8"><span class='ocrx_word' id='word_1_419' title='bbox 901 2299 967 2335; x_wconf 83' lang='grc'>10.</span> <span class='ocrx_word' id='word_1_420' title='bbox 997 2303 1104 2334; x_wconf 88' lang='grc'>1-3.</span> <span class='ocrx_word' id='word_1_421' title='bbox 1125 2302 1269 2343; x_wconf 70' lang='lat' dir='ltr'>Uticam,</span> <span class='ocrx_word' id='word_1_422' title='bbox 1294 2303 1369 2333; x_wconf 81' lang='lat' dir='ltr'>dass</span> <span class='ocrx_word' id='word_1_423' title='bbox 1394 2303 1441 2333; x_wconf 85' lang='lat' dir='ltr'>sie</span> <span class='ocrx_word' id='word_1_424' title='bbox 1466 2303 1523 2333; x_wconf 84' lang='lat' dir='ltr'>da-</span> 
     </span>
     <span class='ocr_line' id='line_1_71' title="bbox 854 2347 1526 2387; baseline -0.003 -8"><span class='ocrx_word' id='word_1_425' title='bbox 854 2349 906 2379; x_wconf 92' lang='lat' dir='ltr'>hin</span> <span class='ocrx_word' id='word_1_426' title='bbox 934 2354 1088 2387; x_wconf 65' lang='lat' dir='ltr'>suuern,</span> <span class='ocrx_word' id='word_1_427' title='bbox 1113 2348 1235 2378; x_wconf 83' lang='lat' dir='ltr'>konnte</span> <span class='ocrx_word' id='word_1_428' title='bbox 1261 2357 1321 2377; x_wconf 84' lang='lat' dir='ltr'>nur</span> <span class='ocrx_word' id='word_1_429' title='bbox 1338 2347 1526 2378; x_wconf 85' lang='lat' dir='ltr'>vermutbet</span> 
     </span>
     <span class='ocr_line' id='line_1_72' title="bbox 853 2391 1526 2435; baseline -0.003 -11"><span class='ocrx_word' id='word_1_430' title='bbox 853 2395 998 2425; x_wconf 77' lang='lat' dir='ltr'>werden.</span> <span class='ocrx_word' id='word_1_431' title='bbox 1023 2411 1067 2415; x_wconf 93' lang='grc'>--</span> <span class='ocrx_word' id='word_1_432' title='bbox 1098 2395 1238 2435; x_wconf 78' lang='lat' dir='ltr'>raptim,</span> <span class='ocrx_word' id='word_1_433' title='bbox 1264 2393 1323 2422; x_wconf 90' lang='lat' dir='ltr'>der</span> <span class='ocrx_word' id='word_1_434' title='bbox 1349 2391 1436 2431; x_wconf 80' lang='lat' dir='ltr'>weg</span> <span class='ocrx_word' id='word_1_435' title='bbox 1464 2401 1526 2422; x_wconf 91' lang='lat' dir='ltr'>zur</span> 
     </span>
     <span class='ocr_line' id='line_1_73' title="bbox 854 2436 1524 2477; baseline -0.006 -7"><span class='ocrx_word' id='word_1_436' title='bbox 854 2439 916 2470; x_wconf 85' lang='lat' dir='ltr'>See</span> <span class='ocrx_word' id='word_1_437' title='bbox 936 2449 1005 2469; x_wconf 84' lang='lat' dir='ltr'>war</span> <span class='ocrx_word' id='word_1_438' title='bbox 1023 2438 1135 2477; x_wconf 64' lang='lat' dir='ltr'>niiher,</span> <span class='ocrx_word' id='word_1_439' title='bbox 1153 2438 1217 2468; x_wconf 86' lang='lat' dir='ltr'>und</span> <span class='ocrx_word' id='word_1_440' title='bbox 1238 2447 1298 2467; x_wconf 84' lang='lat' dir='ltr'>nur</span> <span class='ocrx_word' id='word_1_441' title='bbox 1316 2437 1375 2467; x_wconf 77' lang='lat' dir='ltr'>der</span> <span class='ocrx_word' id='word_1_442' title='bbox 1394 2436 1411 2476; x_wconf 66' lang='grc' dir='ltr'>ξ</span> <span class='ocrx_word' id='word_1_443' title='bbox 1430 2436 1449 2466; x_wconf 82' lang='grc'>9</span> <span class='ocrx_word' id='word_1_444' title='bbox 1469 2447 1524 2466; x_wconf 82' lang='lat' dir='ltr'>cr-</span> 
     </span>
     <span class='ocr_line' id='line_1_74' title="bbox 853 2481 1523 2515; baseline -0.004 -1"><span class='ocrx_word' id='word_1_445' title='bbox 853 2485 986 2514; x_wconf 68' lang='lat' dir='ltr'>wiihnte</span> <span class='ocrx_word' id='word_1_446' title='bbox 1010 2483 1166 2515; x_wconf 81' lang='lat' dir='ltr'>Umstand</span> <span class='ocrx_word' id='word_1_447' title='bbox 1197 2483 1304 2513; x_wconf 83' lang='lat' dir='ltr'>macht</span> <span class='ocrx_word' id='word_1_448' title='bbox 1332 2491 1366 2511; x_wconf 87' lang='lat' dir='ltr'>es</span> <span class='ocrx_word' id='word_1_449' title='bbox 1392 2481 1523 2512; x_wconf 68' lang='lat' dir='ltr'>erkliir-</span> 
     </span>
     <span class='ocr_line' id='line_1_75' title="bbox 852 2526 1523 2569; baseline -0.004 -10"><span class='ocrx_word' id='word_1_450' title='bbox 852 2529 934 2567; x_wconf 87' lang='lat' dir='ltr'>lich,</span> <span class='ocrx_word' id='word_1_451' title='bbox 958 2529 1021 2559; x_wconf 87' lang='lat' dir='ltr'>wie</span> <span class='ocrx_word' id='word_1_452' title='bbox 1047 2528 1154 2569; x_wconf 78' lang='lat' dir='ltr'>Scipio</span> <span class='ocrx_word' id='word_1_453' title='bbox 1180 2528 1239 2558; x_wconf 81' lang='lat' dir='ltr'>der</span> <span class='ocrx_word' id='word_1_454' title='bbox 1261 2526 1373 2557; x_wconf 80' lang='lat' dir='ltr'>Flotte</span> <span class='ocrx_word' id='word_1_455' title='bbox 1399 2536 1523 2556; x_wconf 83' lang='lat' dir='ltr'>zuvor-</span> 
     </span>
     <span class='ocr_line' id='line_1_76' title="bbox 853 2571 1524 2610; baseline -0.006 -6"><span class='ocrx_word' id='word_1_456' title='bbox 853 2573 946 2610; x_wconf 56' lang='lat' dir='ltr'>kann</span> <span class='ocrx_word' id='word_1_457' title='bbox 970 2574 1110 2603; x_wconf 70' lang='lat' dir='ltr'>leiehter</span> <span class='ocrx_word' id='word_1_458' title='bbox 1133 2572 1231 2602; x_wconf 79' lang='lat' dir='ltr'>liesse</span> <span class='ocrx_word' id='word_1_459' title='bbox 1258 2572 1324 2602; x_wconf 88' lang='lat' dir='ltr'>sich</span> <span class='ocrx_word' id='word_1_460' title='bbox 1344 2571 1453 2601; x_wconf 67' lang='lat' dir='ltr'>dieses</span> <span class='ocrx_word' id='word_1_461' title='bbox 1472 2581 1524 2601; x_wconf 85' lang='lat' dir='ltr'>er-</span> 
     </span>
     <span class='ocr_line' id='line_1_77' title="bbox 854 2614 1524 2658; baseline -0.006 -9"><span class='ocrx_word' id='word_1_462' title='bbox 854 2618 980 2658; x_wconf 67' lang='lat' dir='ltr'>kliiren,</span> <span class='ocrx_word' id='word_1_463' title='bbox 1001 2627 1096 2648; x_wconf 87' lang='lat' dir='ltr'>wenn</span> <span class='ocrx_word' id='word_1_464' title='bbox 1115 2628 1162 2654; x_wconf 84' lang='lat' dir='ltr'>er,</span> <span class='ocrx_word' id='word_1_465' title='bbox 1180 2617 1243 2647; x_wconf 84' lang='lat' dir='ltr'>wie</span> <span class='ocrx_word' id='word_1_466' title='bbox 1264 2616 1385 2657; x_wconf 51' lang='lat' dir='ltr'>¹&amp;ppian</span> <span class='ocrx_word' id='word_1_467' title='bbox 1404 2626 1436 2646; x_wconf 92' lang='lat' dir='ltr'>u.</span> <span class='ocrx_word' id='word_1_468' title='bbox 1454 2614 1524 2645; x_wconf 75' lang='lat' dir='ltr'>Zo-</span> 
     </span>
     <span class='ocr_line' id='line_1_78' title="bbox 855 2660 1525 2703; baseline -0.006 -9"><span class='ocrx_word' id='word_1_469' title='bbox 855 2673 924 2694; x_wconf 87' lang='lat' dir='ltr'>nar.</span> <span class='ocrx_word' id='word_1_470' title='bbox 949 2663 1115 2703; x_wconf 86' lang='lat' dir='ltr'>angeben,</span> <span class='ocrx_word' id='word_1_471' title='bbox 1139 2671 1199 2692; x_wconf 87' lang='lat' dir='ltr'>vor</span> <span class='ocrx_word' id='word_1_472' title='bbox 1224 2660 1388 2700; x_wconf 81' lang='lat' dir='ltr'>Carthago</span> <span class='ocrx_word' id='word_1_473' title='bbox 1419 2660 1525 2691; x_wconf 71' lang='lat' dir='ltr'>selbst</span> 
     </span>
    </p>
   </div>
  </div>
 </body>
</html>
