1784 2967
136 859 176 891 10

139 1141 176 1171 15

135 1429 177 1461 20

636 239 759 273 LIBER
778 239 888 273 XXV.
923 241 1017 274 CAP.
1039 241 1090 273 10.
1112 242 1162 274 11.

205 258 229 275 a.
247 250 298 275 (211.
316 251 376 275 212.

1536 241 1613 281 129

205 366 260 370 —-
286 353 429 381 nomen
452 343 727 394 inscripsisset,
756 354 842 381 eum
865 354 906 380 se
926 354 999 393 pro
1021 343 1133 382 hoste
1153 343 1389 383 habiturum.
1432 344 1614 383 contione
1645 353 1684 383 lo

206 399 365 437 dimissa
403 411 488 438 cum
526 400 644 439 titulis
674 404 828 439 notatae
854 399 958 437 fores
988 399 1195 439 discrimen
1226 406 1380 452 pacatae
1407 400 1454 439 ab
1484 400 1613 440 hostili

207 455 324 494 domo
354 455 553 502 fecissent,
587 457 697 507 signo
720 456 808 495 dato
831 455 876 494 ad
899 454 1114 506 diripienda
1136 457 1304 508 hospitia
1325 457 1500 497 Romana
1521 470 1613 509 pas-

207 512 280 551 sim
303 512 520 552 discursum
542 519 612 552 est.
654 518 691 551 et
710 512 781 551 fuit
802 512 963 563 praedae
984 512 1230 563 aliquantum.

319 569 483 609 Postero
513 570 572 608 die
602 570 646 608 ad
671 569 968 620 oppugnandam
992 581 1118 608 arcem
1141 569 1260 615 ducit3
1290 583 1402 622 quam
1426 582 1513 609 oum
1534 577 1569 609 et
1592 583 1615 609 (ι
1641 574 1686 612 11

206 626 314 672 mari,
336 639 411 677 quo
434 627 472 665 in
494 626 760 678 paeneinsulae
778 625 938 664 modum
956 638 1045 677 pars
1064 625 1190 664 maior
1206 626 1478 674 circumluitur,
1501 640 1613 679 prae—

205 682 288 721 altis
316 683 480 734 rupibus
507 689 543 722 et
573 683 619 721 ab
646 683 728 734 ipsa
760 682 856 721 urhe
877 695 989 721 muro
1011 687 1047 721 et
1069 683 1176 721 fossa
1196 682 1341 733 ingenti
1363 689 1534 735 saeptam
1556 684 1612 722 vi-

206 740 327 784 deret,
360 752 482 791 eoque
508 752 579 778 nec
609 739 642 777 vi
675 751 746 778 nec
767 739 951 790 operibus
974 739 1264 790 expugnabilem
1288 752 1390 786 esse,
1419 752 1468 778 ne
1489 746 1551 779 aut
1573 753 1613 779 se

206 795 334 847 ipsum
357 808 446 835 cura
467 796 598 835 tuendi
621 796 852 835 Tarentinos
874 809 893 834 a
915 796 1128 835 maioribus
1151 796 1266 835 rebus
1288 802 1522 844 moraretur,
1550 804 1612 835 aut

206 852 245 891 in
266 853 421 892 relictos
446 853 530 892 sine
553 853 674 892 valido
693 852 882 904 praesidio
902 852 1132 892 Tarentinos
1150 854 1335 904 impetum
1360 865 1404 892 ex
1425 865 1510 895 arce
1526 865 1613 892 cum

204 909 341 948 vellent
356 910 521 949 Romani
542 910 722 958 facerent,
744 909 840 949 vallo
862 909 997 948 urbem
1019 909 1065 948 ab
1088 922 1173 948 arce
1194 909 1446 961 intersaepire
1468 909 1612 957 statuit,

205 979 284 1005 non
312 966 395 1005 sine
425 967 483 1006 illa
513 967 625 1005 etiam
658 979 747 1017 spe,
777 979 863 1005 cum
886 966 1180 1017 prohibentibus
1203 979 1303 1018 opus
1324 966 1508 1006 Romanis
1529 979 1613 1005 ma-

204 1035 298 1062 num
320 1036 439 1074 posse
461 1024 613 1063 conseri
637 1029 691 1068 et,
721 1023 751 1061 si
772 1023 938 1062 ferocius
961 1023 1312 1074 procucurrissent,
1341 1035 1479 1074 magna
1501 1023 1614 1062 caede

205 1080 254 1119 ita
276 1081 461 1120 attenuari
483 1080 665 1131 praesidii
682 1080 794 1129 vires,
820 1086 863 1119 ut
882 1079 989 1119 facile
1009 1092 1078 1131 per
1099 1092 1140 1118 se
1160 1079 1236 1130 ipsi
1258 1080 1455 1119 Tarentini
1476 1080 1612 1119 urbem

208 1137 254 1175 ab
281 1137 326 1176 iis
352 1139 449 1176 tueri
478 1143 650 1188 possent.
701 1136 765 1175 ubi
796 1142 975 1187 coeptum
1005 1149 1105 1187 opus
1137 1141 1214 1183 est,
1243 1136 1428 1187 patefacta
1456 1142 1613 1188 repente

206 1199 316 1244 porta
344 1194 529 1245 impetum
551 1194 589 1232 in
616 1193 823 1232 munientis
844 1193 1019 1232 fecerunt
1039 1193 1223 1239 Romani,
1250 1193 1413 1245 pellique
1435 1206 1476 1232 se
1497 1194 1611 1233 statio

206 1262 320 1300 passa
342 1256 409 1297 est,
431 1264 526 1301 quae
548 1263 617 1301 pro
641 1262 756 1301 opere
776 1255 866 1296 erat,
889 1255 931 1288 ut
952 1262 1133 1289 successu
1149 1255 1338 1289 cresceret
1354 1250 1508 1289 audacia
1525 1250 1612 1302 plu-

204 1319 342 1357 resque
372 1313 409 1346 et
428 1307 581 1358 longius
603 1307 737 1358 pulsos
760 1312 1098 1358 prosequerentur.
1138 1312 1220 1346 tum
1244 1306 1356 1357 signo
1378 1307 1465 1346 dato
1489 1307 1612 1346 coorti

205 1363 375 1414 undique
396 1364 514 1403 Poeni
543 1369 650 1409 sunt,
680 1376 778 1415 quos
807 1363 1018 1403 instructos
1048 1363 1093 1403 ad
1125 1364 1201 1403 hoc
1221 1363 1408 1403 Hannibal
1427 1369 1612 1403 tenuerat.

206 1432 277 1459 nec
304 1420 519 1460 sustinuere
546 1421 731 1472 impetum
755 1420 936 1466 Romani,
969 1421 1033 1459 sed
1063 1420 1109 1460 ab
1138 1421 1258 1459 effusa
1286 1420 1375 1471 fuga
1398 1420 1471 1460 loci
1493 1433 1613 1471 angu-

206 1477 301 1516 stiae
327 1490 393 1517 eos
424 1478 680 1529 impeditaque
702 1477 769 1516 alia
794 1490 910 1528 opere
930 1478 1005 1516 iam
1030 1483 1166 1528 coepto
1189 1477 1258 1516 alia
1279 1483 1465 1529 apparatu
1486 1478 1613 1529 operis

206 1534 468 1574 morabantur.
515 1534 671 1586 plurimi
706 1534 746 1573 in
773 1535 920 1573 fossam
948 1534 1265 1586 praecipitavere,
1300 1534 1495 1585 occisique
1523 1539 1615 1573 sunt

207 1591 336 1642 plures
364 1592 401 1631 in
427 1591 519 1643 fuga
545 1604 659 1643 quam
687 1592 725 1630 in
753 1603 893 1643 pugna.

208 1738 271 1758 von
290 1727 350 1758 den
366 1728 513 1768 Biirgern
527 1732 692 1768 getrennt.
712 1745 755 1750 —
772 1726 871 1759 domo

209 1773 374 1804 collectiv.
391 1773 560 1816 —praeaffi
577 1773 660 1815 alt‘q.‚
680 1772 795 1814 Polyb.
812 1772 872 1803 34:

210 1817 356 1850 πολλῶν
379 1817 419 1850 δὲ
445 1819 504 1849 καὶ
528 1816 785 1850 παντοδαπῶν
811 1827 874 1848 κα-

209 1859 521 1907 τιισκειάσλιιάτιιιν
538 1860 820 1908 ἀθροισθέντων
836 1860 874 1893 ἔκ

209 1907 270 1949 τῆς
287 1906 497 1953 διαρπαγῆς
514 1914 575 1940 etc.

257 1992 875 2042 11·1—3.paenez'ns.,dieseSchreib-

208 2048 261 2075 art
280 2044 381 2076 findet
398 2045 464 2076 sich
483 2043 645 2076 mehrfacli
666 2044 695 2075 in
711 2044 771 2075 den
787 2044 872 2085 Hss.,

210 2088 271 2131 s.§
293 2090 349 2127 113
370 2089 428 2131 31,
447 2090 507 2130 40,
530 2089 564 2127 13
584 2089 644 2127 32,
664 2089 717 2130 21,
736 2088 777 2120 26
796 2099 873 2120 u.a.

207 2153 251 2158 —
264 2137 354 2167 mari
381 2153 424 2158 —
448 2135 695 2175 circumluitur,
732 2135 779 2166 sie
808 2134 873 2174 lag,

209 2180 268 2212 auf
295 2181 355 2212 der
386 2181 661 2212 nordwestlichen
693 2179 783 2211 Seite
817 2180 876 2211 der

210 2225 418 2265 Landzunge,
450 2225 508 2257 auf
532 2227 591 2258 der
615 2225 741 2257 Tarent
759 2225 875 2257 erbaut

210 2281 295 2310 war,
324 2271 537 2302 unmittelbar
564 2281 613 2302 am
646 2271 814 2311 Eingange
844 2270 875 2301 in

209 2317 269 2348 den
289 2314 408 2357 Hafen‚
427 2326 453 2347 s.
472 2315 504 2358 ξ,
526 2316 576 2348 11.
595 2334 638 2339 ——
654 2316 815 2360 praealtis
832 2326 874 2356 in,

210 2372 236 2393 s.
259 2360 280 2403 ξ
303 2362 337 2401 9,
370 2372 431 2392 nur
459 2372 522 2392 von
549 2362 607 2393 der
631 2362 779 2393 Seeseite
805 2362 875 2400 her,

208 2407 354 2439 weshalb
371 2418 391 2438 a
408 2417 469 2438 vor
485 2409 574 2438 mari
587 2407 675 2438 nicht
691 2407 777 2438 wohl
801 2411 874 2438 ent-

208 2453 306 2484 behrt
322 2453 455 2483 werden
475 2452 570 2483 kann.
589 2471 630 2475 —
648 2452 732 2484 vallo
745 2454 874 2492 lutera,

209 2497 263 2536 24,
282 2497 335 2538 23,
353 2498 390 2536 43
411 2508 452 2529 zu
471 2497 529 2538 31,
549 2496 602 2537 46,
621 2497 660 2537 93
680 2497 795 2539 Polyb.
814 2497 872 2528 34:

210 2542 430 2586 διατειχίσαι
464 2542 529 2583 τὴν
561 2539 671 2575 πόλιν
704 2539 779 2574 ἀπὸ
813 2539 875 2583 τῆς

209 2585 322 2632 ἄκρας
344 2593 406 2620 etc.
429 2589 752 2632 —procucur1²1'ss.,
771 2587 874 2619 Prisc.

210 2633 251 2674 X,
269 2634 329 2666 43:
347 2633 462 2666 Livius
479 2636 511 2665 in
530 2633 633 2666 AXII
644 2634 685 2665 ab
699 2635 781 2665 urhe
795 2643 873 2664 con-

210 2678 298 2711 de‘ta:
315 2690 378 2721 qua
396 2681 511 2722 cuique
523 2681 718 2723 proximum
721 2680 803 2721 suit
816 2679 874 2710 (Ie—

281 2731 362 2758 Titus
381 2731 475 2759 Livius
497 2731 527 2758 V.
548 2731 574 2760 2.
596 2731 670 2759 Auss.

944 1591 1032 1631 inde
1059 1597 1095 1630 et
1123 1604 1221 1643 opus
1250 1591 1355 1630 nullo
1382 1591 1614 1643 prohibente

945 1729 1180 1760 cucurrerunt.
1191 1726 1277 1759 idem
1286 1728 1321 1759 in
1332 1726 1614 1768 XX<1eg.XXV):

945 1775 979 1804 et
995 1775 1027 1804 si
1037 1774 1190 1814 ferocius
1204 1775 1515 1816 procucurrissent.

991 1817 1101 1849 4—6.
1130 1829 1224 1861 opus,
1259 1818 1318 1849 der
1344 1817 1435 1850 Wall
1468 1817 1489 1860 ξ
1520 1817 1615 1850 2.-

944 1873 1006 1906 pro
1026 1874 1096 1906 op.,
1123 1864 1182 1894 der
1195 1862 1334 1903 Posten,
1362 1864 1422 1895 der
1445 1873 1507 1895 vor
1526 1864 1614 1902 (hier

946 1909 1036 1940 nicht
1065 1918 1145 1940 vorn
1181 1906 1253 1947 auf)
1286 1909 1356 1940 dem
1393 1908 1505 1940 Walle
1540 1918 1613 1940 zum

947 1953 1089 1985 Schutze
1126 1954 1185 1985 der
1225 1953 1381 1985 Arbeiter
1421 1952 1614 1994 aul'gestellt

946 2009 1026 2038 war,
1037 1998 1128 2031 Curt.
1144 1999 1175 2039 4,
1188 1998 1239 2037 11,
1250 1997 1356 2031 21.—
1367 1999 1455 2043 plur.
1471 2010 1498 2030 e.
1513 1998 1614 2041 long-‚7

948 2055 973 2076 s.
994 2044 1046 2081 21,
1074 2044 1108 2083 8,
1130 2044 1167 2083 93
1197 2043 1250 2082 35,
1275 2043 1328 2085 23,
1346 2044 1376 2076 4.
1395 2063 1439 2068 —-
1464 2054 1613 2088 proseq.,

947 2090 1080 2121 weithin
1099 2090 1194 2120 ihnen
1210 2087 1347 2129 folgten,
1366 2089 1460 2122 Caes.
1479 2090 1513 2122 B.
1530 2089 1565 2121 C.
1581 2089 1611 2128 2,

948 2134 983 2166 8:
1002 2134 1047 2167 ad
1058 2134 1284 2179 repellendum
1299 2138 1332 2167 et
1342 2135 1613 2179 prosequendum

947 2181 1088 2213 hostem.
1122 2198 1166 2203 —
1198 2180 1262 2212 lom·
1291 2192 1389 2223 auga,
1422 2180 1538 2223 Polyb.
1574 2179 1612 2212 ἓν

947 2227 1078 2269 βραχεῖ
1093 2222 1205 2270 χώρῳ
1224 2225 1282 2257 καὶ
1302 2227 1611 2271 περιτετειχισμέ-

948 2281 1010 2313 νῳ.
1029 2290 1070 2294 —
1087 2271 1236 2314 impedit.
1256 2271 1336 2311 alia,
1358 2272 1417 2302 der
1440 2270 1610 2311 Umstand,

949 2317 1025 2348 dass
1058 2327 1097 2347 an
1129 2317 1286 2348 manchen
1305 2317 1418 2357 Orten,
1442 2326 1468 2347 c.
1503 2315 1556 2356 30,
1580 2315 1611 2355 5,

946 2372 985 2392 an
1006 2362 1150 2393 anderen
1168 2373 1199 2393 u.
1215 2372 1241 2393 s.
1259 2372 1300 2394 w.
1317 2380 1361 2385 ——
1377 2362 1519 2404 plurimi
1534 2361 1612 2392 sehr

945 2407 1043 2445 viele,
1058 2407 1173 2451 plures
1182 2407 1234 2438 die
1245 2406 1414 2439 Mehrzahl
1429 2407 1488 2437 der
1496 2404 1610 2438 Gefal-

946 2452 1044 2484 lenen
1074 2453 1267 2494 iiberhaupt.
1299 2471 1344 2475 -
1374 2454 1406 2483 et
1429 2462 1492 2494 op.‚
1522 2451 1612 2483 nicht

945 2498 1045 2529 allein
1072 2498 1122 2529 die
1149 2496 1294 2538 Angriffe
1324 2495 1383 2528 auf
1401 2497 1462 2528 den
1487 2496 1609 2528 Posten

946 2544 1063 2574 horten
1090 2541 1160 2581 auf,
1194 2543 1335 2573 sondern
1366 2542 1445 2574 auch
1471 2552 1503 2573 u.
1520 2552 1546 2573 s.
1566 2551 1608 2573 w.

948 2588 1032 2620 Dass
1067 2589 1126 2619 der
1151 2587 1243 2619 wall
1272 2587 1441 2619 vollendet
1473 2587 1608 2618 worden

948 2634 1006 2674 sei,
1025 2634 1101 2674 geht
1118 2644 1177 2665 aus
1192 2634 1249 2664 der
1262 2643 1386 2673 ganzen
1396 2632 1610 2672 Darstellung

948 2680 1080 2711 hervcr.

1323 2735 1343 2763 9

1643 974 1661 1005 3

1640 1146 1659 1176 4

1642 1539 1662 1571 6
