1784 2967
713 245 840 277 LIBER
864 244 981 277 XXX.
1030 244 1123 276 CAP.
1149 243 1204 275 20.
1519 260 1545 277 a.
1558 259 1585 277 u.
1600 251 1662 278 551.

251 249 332 288 366

245 362 359 401 quam
380 350 539 394 Hanno,
569 347 635 397 qui
658 346 819 386 domum
840 351 1034 394 nostram,
1064 346 1217 398 quando
1250 346 1321 385 alia
1346 358 1388 384 re
1413 357 1494 385 non
1522 345 1659 396 potuit,

244 407 354 445 ruina
375 403 616 453 Carthaginis
641 403 875 454 oppressiva
911 403 986 442 iam
1008 403 1083 442 hoc
1104 404 1233 454 ipsum
1256 402 1504 453 praesagiens
1527 402 1658 440 animo

243 464 534 513 praeparaverat
554 464 641 497 ante
663 471 791 498 naves.
831 460 960 511 itaque
987 459 1111 498 inutili
1140 459 1306 498 militum
1334 459 1446 497 turba
1477 457 1659 509 praesidii

243 518 369 568 specie
390 518 428 554 in
452 515 596 566 oppida
617 515 756 554 Bruttii
777 516 875 566 agri,
902 528 1000 567 quae
1027 529 1150 567 pauca
1171 515 1293 566 magis
1318 520 1425 554 metu
1446 527 1561 565 quam
1582 514 1657 552 fide

241 572 550 618 continebantur,
572 572 744 618 dimissa,
769 573 873 623 quod
894 572 1049 611 roboris
1072 574 1111 610 in
1134 573 1305 611 exercitu
1326 576 1407 610 erat
1427 572 1466 609 in
1483 571 1655 609 Africam
1685 577 1704 609 5

240 628 470 675 transvexit,
493 627 625 666 multis
647 628 764 667 Italici
784 629 957 679 generis,
987 629 1074 679 quia
1096 629 1136 667 in
1159 628 1325 667 Africam
1356 632 1559 666 secuturos
1588 626 1657 665 ab-

241 690 402 724 nuentes
426 689 700 723 concesserant
721 685 759 723 in
775 685 935 724 Iunonis
952 685 1130 724 Laciniae
1147 685 1350 723 delubrum
1368 684 1593 723 inviolatum
1610 683 1657 721 ad

241 753 326 780 eam
363 741 478 788 diem,
515 740 557 779 in
573 742 736 791 ‚templo
773 741 859 792 ipso
888 742 999 780 foede
1026 741 1252 780 interfectis.
1301 753 1388 779 raro
1420 751 1657 791 quemquam

239 798 375 844 alium,
404 797 568 848 patriam
597 797 698 836 exilii
725 810 840 836 causa
867 798 1168 849 relinquentem,
1199 804 1277 836 tam
1308 802 1504 835 maestum
1531 796 1657 835 abisse

238 853 370 892 ferunt
390 866 506 905 quam
528 853 796 899 Hannibalem,
820 855 994 893 hostium
1015 859 1117 893 terra
1139 854 1398 892 excedentem.
1435 853 1655 903 respexisse
1686 859 1727 891 10

240 923 356 961 saepe
375 910 502 949 Italiae
522 910 646 957 litora,
668 915 706 948 et
726 910 821 949 deos
843 910 1102 962 hominesque
1123 915 1367 948 accusantem
1384 910 1423 947 in
1443 921 1483 947 se
1501 920 1657 959 quoque

239 979 282 1005 ac
303 979 418 1006 suum
441 966 562 1017 ipsius
585 971 700 1017 caput
715 972 946 1014 execratum,
968 966 1073 1018 quod
1089 978 1171 1005 non
1187 970 1384 1004 eruentem
1402 965 1447 1004 ab
1464 964 1658 1003 Cannensi

241 1023 396 1062 victoria
419 1023 579 1061 militem
596 1022 763 1061 Romam
785 1024 970 1062 duxisset.
1008 1023 1234 1073 Scipionem
1250 1022 1306 1060 ire
1323 1022 1368 1061 ad
1387 1021 1658 1071 Carthaginem

239 1091 390 1126 ausum,
413 1079 479 1130 qui
501 1079 638 1118 consul
659 1080 814 1118 hostem
830 1079 1007 1119 Poenum
1029 1079 1069 1118 in
1085 1078 1191 1117 ltalia
1207 1089 1289 1116 non
1306 1077 1483 1124 vidisset;
1506 1089 1549 1116 se
1567 1088 1658 1116 cen-

242 1225 400 1265 1532011.
420 1226 451 1267 8,
475 1225 536 1264 263
555 1225 586 1266 9,
605 1225 643 1265 23
663 1225 746 1268 Nep.
762 1226 866 1259 Hann.
884 1226 912 1257 1.

238 1289 281 1294 -
297 1271 430 1312 Hanno,
455 1272 514 1302 der
537 1271 608 1302 alsi]
634 1272 718 1302 noch
735 1271 784 1302 als
803 1271 912 1313 Haupt

238 1316 296 1347 der
305 1315 530 1358 Gegenpartei
544 1320 816 1356 vorausgesetzt,
830 1316 912 1347 aber

237 1371 302 1392 von
320 1361 357 1392 L.
376 1362 480 1401 nicht,
506 1362 568 1392 wie
587 1372 651 1393 von
669 1361 753 1403 App.
767 1360 839 1392 Lib.
858 1361 913 1401 34,

238 1406 270 1436 in
295 1406 406 1437 dieser
429 1405 504 1438 Zeit
528 1407 681 1438 erwahnt
704 1407 805 1445 wird,
832 1416 858 1437 s.
884 1417 910 1437 c.

238 1450 292 1489 44,
311 1450 349 1489 53
369 1461 410 1481 zu
429 1451 482 1491 25,
504 1450 534 1482 3.

284 1495 394 1526 5—6.
422 1497 490 1526 iam
510 1496 594 1526 kann
613 1495 672 1526 mit
687 1505 914 1537 praeparave—

237 1542 295 1571 rat
337 1540 527 1571 verbunden
567 1540 719 1579 werden,
761 1540 913 1579 obgleich

238 1585 322 1616 daun
337 1585 388 1615 die
402 1586 503 1616 weite
513 1584 721 1624 Entfernung
734 1584 914 1615 undTren-

239 1639 328 1668 nung
351 1640 415 1660 von
434 1633 512 1661 ante
529 1629 671 1660 auffiillt.
694 1646 738 1651 -—
754 1630 815 1661 lzoc
833 1631 910 1671 ips„

238 1675 317 1714 geht
329 1672 388 1705 auf
398 1675 459 1706 den
474 1685 536 1706 vor
551 1675 611 1705 der
624 1673 714 1705 Rede
730 1673 910 1705 Hannibals

238 1719 433 1751 erwiihnten
457 1718 599 1759 Auftrag
628 1720 687 1750 der
716 1718 908 1750 Gesandten

238 1764 374 1795 zuriick
398 1783 442 1788 —
462 1775 580 1807 thaep
605 1774 635 1795 a.
659 1773 752 1801 nav„
777 1764 857 1805 App.
881 1775 908 1795 c.

238 1808 296 1840 5S:
331 1809 391 1840 καὶ
422 1810 510 1844 ναῦς
542 1805 729 1859 εἰργάζετο
759 1805 910 1849 πολλάς,

237 1850 386 1890 εὐξύλου
400 1854 462 1895 τῆς
474 1851 630 1890 Ἰταλίας
644 1848 765 1894 οὔσης.
775 1865 912 1905 —quae

233 1909 286 1942 p.,
309 1898 348 1930 Z.
378 1899 396 1940 ξ
426 1899 509 1930 430.
526 1917 571 1921 —
593 1900 757 1931 eontzneb
788 1910 819 1930 n
848 1900 909 1938 „in

237 1942 381 1983 officio“,
398 1944 450 1986 39,
466 1944 518 1983 28,
534 1943 564 1975 2.
579 1962 623 1966 -—
636 1947 775 1976 secutur
778 1955 826 1983 os,
841 1944 908 1984 vgl.

237 1988 290 2028 27,
311 1988 488 2030 28‚15.—
501 1988 678 2020 delubrum
692 1990 736 2020 ist
751 1990 821 2020 hier
835 1994 910 2020 ent-

235 2035 351 2065 weder
366 2049 411 2060 =
429 2034 600 2077 templum,
618 2034 685 2073 vgl.
703 2034 756 2073 28,
777 2034 829 2071 46,
852 2034 912 2071 163

236 2078 296 2118 29,
325 2078 381 2118 18,
400 2079 434 2110 3:
449 2080 598 2121 sanum,
617 2080 698 2110 oder
715 2079 774 2110 der
792 2079 912 2119 heilige

236 2123 358 2154 Bezirk
376 2124 571 2165 uberhaupt.
588 2142 633 2147 —
649 2127 740 2166 ipso,
762 2125 845 2155 ohne
864 2125 912 2155 sie

238 2173 309 2200 erst
334 2169 610 2200 herauszuholen.
653 2169 712 2199 Die
733 2169 854 2200 Worte
878 2171 912 2200 ιή

238 2214 398 2255 Africam
433 2224 497 2246 sec.
535 2215 610 2245 abn.
648 2214 817 2245 euthalten
849 2215 910 2245 den

238 2257 351 2289 Grund
372 2269 411 2289 zu
427 2260 631 2300 interfectis,
650 2259 700 2290 die
715 2258 816 2299 folgg.
832 2269 910 2291 con-

237 2307 412 2335 cesserant
424 2322 468 2326 —-
481 2304 568 2335 diem
583 2315 624 2334 zu
641 2306 672 2335 ιή
687 2305 761 2346 ipso
778 2305 911 2346 templo,

237 2349 425 2388 interfectis
442 2367 486 2371 —
503 2349 592 2390 quod
607 2350 811 2390 abnuebant,
830 2352 861 2380 el
878 2351 912 2380 z'n

237 2395 309 2434 ipso
340 2394 472 2434 quidem
502 2394 638 2437 templo,
665 2396 742 2435 qaia
769 2405 806 2425 eo
834 2405 912 2425 con-

239 2442 425 2476 cesserant,
452 2439 594 2470 putsche
620 2449 723 2469 verm.
748 2441 806 2480 qm?
829 2444 911 2470 statt

238 2484 327 2522 quia.
344 2501 388 2505 —
405 2485 608 2524 inlezsl'cctis,
628 2484 775 2523 dagegen
794 2485 854 2523 42,
880 2484 910 2522 3,

240 2526 275 2555 (jz
292 2528 451 2569 templum
465 2531 751 2569 azlg·ztsl1'sst'ttzzlrtz
765 2547 810 2551 —
824 2529 913 2570 qnod

239 2581 304 2601 non
328 2572 486 2613 Pyrtlms
510 2585 574 2604 non
600 2574 766 2605 Hcmmbal
786 2575 911 2606 Molas-

240 2618 314 2645 ωΐςιη
367 2618 432 2655 vgl.
469 2618 528 2655 24,
566 2620 602 2655 3,
634 2618 665 2648 3.
706 2618 775 2649 Zu1
806 2619 910 2650 Siebe

241 2658 337 2690 Diod
359 2661 380 2691 l.
406 2662 444 2693 l:
468 2661 558 2693 ἔνιοι
584 2662 655 2705 μὲν
681 2663 823 2695 εἵλαντο
846 2662 912 2704 τὴν

983 1221 1061 1277 μετ’
1095 1221 1264 1266 ἈνΝιιβου
1294 1221 1485 1276 διάβασιν,
1514 1224 1592 1258 τοἷς
1620 1221 1662 1255 δὲ

984 1267 1186 1322 ἡδομένοις
1217 1269 1279 1311 τῆς
1311 1268 1351 1302 ἓν
1380 1265 1514 1310 Ῑταλίᾳ
1546 1278 1622 1322 μοι
1626 1268 1665 1308 ἧς

986 1312 1215 1359 περιστήσας
1248 1312 1314 1355 τὴν
1343 1300 1508 1366 δύναμινι
1527 1311 1568 1344 τὸ
1594 1311 1664 1356 μὲν

987 1361 1138 1404 πρῶτον
1164 1362 1243 1395 τοῖς
1266 1355 1506 1411 στρατιώταις
1528 1357 1665 1390 ἔδωκεν

986 1404 1158 1442 ἐξουσίαν
1187 1406 1221 1437 εἴ
1246 1415 1327 1436 τινα
1350 1401 1544 1446 βούλοιντο
1568 1404 1664 1446 λαμ-

984 1447 1110 1491 βάνειν
1134 1448 1172 1486 ἐξ
1194 1447 1315 1481 αὐτῶν
1342 1449 1495 1499 δοῦλον,
1520 1447 1605 1483 τοὺς
1623 1446 1664 1480 δὲ

987 1494 1142 1530 λοιπους
1165 1495 1411 1538 κατέσφαξεν,
1438 1473 1577 1537 ἄιδρας
1592 1492 1663 1537 μὲν

987 1540 1073 1583 πεοὶ
1093 1538 1331 1583 δισμυρίους,
1357 1539 1500 1573 ἵππους
1518 1536 1558 1570 δὲ
1577 1538 1664 1581 περὶ

986 1585 1214 1627 τρισχιλίους
1253 1588 1317 1615 etc.
1373 1583 1662 1614 Wahrscheinlieh

985 1629 1114 1660 schiffte
1137 1639 1174 1659 er
1192 1629 1260 1659 sieh
1281 1629 1334 1659 ein
1353 1628 1384 1659 in
1403 1629 1475 1659 dem
1495 1638 1557 1659 von
1576 1628 1660 1659 Plin.

983 1673 1020 1713 3,
1042 1673 1092 1713 10,
1112 1674 1153 1704 95
1173 1674 1410 1704 bezeichneten
1431 1672 1552 1704 Hafen:
1571 1675 1604 1704 in
1623 1683 1662 1704 ea

984 1718 1207 1762 (paeninsula)
1230 1721 1353 1760 portas
1377 1720 1433 1759 qui
1447 1720 1589 1749 vocatur
1606 1728 1662 1749 ca-

983 1766 1058 1795 stra
1064 1763 1270 1803 Hannibalis,
1279 1773 1446 1804 nusquam
1461 1765 1663 1804 angustiore

984 1808 1099 1847 Italz'a3
1119 1808 1245 1839 siidlich
1263 1819 1326 1840 von
1347 1808 1481 1839 Croton.

1030 1854 1061 1884 7.
1079 1864 1160 1885 raro
1178 1865 1227 1895 q.,
1252 1863 1278 1885 s.
1298 1853 1359 1892 21,
1378 1852 1431 1891 59,
1451 1853 1480 1884 7.
1501 1871 1543 1875 ———
1561 1863 1661 1884 accu-

983 1901 1083 1940 sant„
1102 1909 1128 1929 s.
1148 1899 1176 1939 5,
1195 1898 1249 1938 43,
1270 1898 1303 1930 7:
1323 1898 1388 1930 diis
1405 1899 1662 1939 hominibusque

983 1943 1195 1975 accusandis.
1219 1962 1263 1965 —
1287 1946 1484 1975 eoeecratum
1515 1954 1545 1974 n.
1575 1954 1660 1983 essa,

986 1999 1012 2020 s.
1032 1989 1061 2030 8,
1084 1988 1135 2029 12,
1156 1989 1190 2019 1:
1211 1991 1426 2026 ewecratam3
1445 1989 1496 2019 als
1515 1988 1660 2029 Partioip

985 2034 1100 2065 wiirde
1125 2044 1161 2065 es
1180 2037 1398 2065 eoeecrantem
1416 2033 1566 2073 heissen,
1584 2043 1609 2064 s.
1631 2032 1659 2073 1,

986 2078 1165 2117 59,13;9,
1186 2079 1215 2117 5,
1238 2078 1288 2109 13.
1303 2080 1392 2109 —z‘n
1411 2089 1448 2109 se
1464 2082 1540 2114 etc„
1559 2077 1660 2116 s.10,

985 2124 1038 2162 28,
1061 2123 1116 2154 18;
1134 2124 1215 2154 llaec
1233 2126 1414 2155 execratas
1431 2125 1464 2153 in
1478 2134 1514 2154 se
1526 2123 1660 2153 hostes-

985 2179 1057 2210 que.
1090 2186 1134 2190 --
1166 2171 1285 2211 caput,
1321 2169 1379 2199 der
1419 2168 1659 2199 bedeuteudste

984 2213 1080 2244 Theil
1101 2213 1205 2244 neben
1224 2214 1295 2244 dem
1315 2212 1467 2252 Ganzen,
1493 2222 1519 2243 s.
1544 2212 1580 2252 3,
1605 2213 1659 2253 48,

985 2259 1020 2289 5:
1048 2261 1079 2289 le
1102 2261 1262 2300 tuamque
1288 2261 1391 2300 capul
1415 2277 1456 2280 ——
1481 2267 1657 2295 consecro3

984 2303 1065 2335 Sall.
1097 2302 1131 2334 C.
1162 2303 1220 2342 52,
1251 2303 1285 2334 S:
1309 2304 1391 2334 milzz'
1417 2305 1515 2343 alque
1545 2304 1658 2334 animo

983 2359 1075 2386 meo3
1095 2359 1125 2379 u.
1143 2349 1172 2379 ἐι.
1191 2366 1236 2370 -
1252 2350 1370 2391 ipsias,
1389 2358 1415 2380 S.
1436 2347 1488 2387 28,
1510 2347 1561 2386 19,
1583 2347 1633 2378 10.

1031 2394 1140 2424 8-9.
1166 2393 1257 2434 qaod
1277 2404 1342 2424 non
1369 2398 1448 2432 etc„
1476 2393 1535 2423 der
1560 2392 1660 2423 sehon

984 2438 1046 2478 22,
1067 2439 1125 2476 51,
1146 2438 1165 2469 4
1184 2439 1355 2469 erw'cihnte
1375 2435 1551 2475 Vorwurf;
1579 2437 1657 2468 doch

984 2485 1029 2515 ist
1048 2484 1136 2514 nicht
1155 2494 1195 2514 zu
1213 2484 1438 2522 entscheiden,
1459 2483 1498 2513 ob
1518 2493 1554 2512 er
1570 2492 1609 2513 an
1627 2493 1658 2513 u.

985 2529 1034 2560 St.
1060 2539 1121 2559 nur
1144 2529 1193 2563 als
1212 2528 1350 2559 Ansicht
1369 2527 1436 2559 [fis
1455 2537 1658 2568 ausgespro-

985 2575 1066 2604 eheu
1087 2574 1185 2611 wird,
1211 2574 1291 2604 oder
1316 2573 1476 2604 Hannibal
1501 2572 1606 2602 selbst
1627 2573 1658 2602 in

985 2619 1110 2649 seinem
1130 2616 1313 2649 Vel-fabren
1339 2618 1433 2648 einen
1459 2617 1580 2647 Fehler
1604 2627 1661 2647 er-

984 2663 1087 2695 kannt
1106 2663 1205 2701 habe3
1225 2662 1360 2703 vg1.26,
1380 2663 1410 2701 7,
1429 2661 1460 2693 3.
1475 2661 1657 2702 -οοηεαὶ,
