1784 2967
244 255 334 295 >348

718 249 846 282 LIBER
869 248 986 282 XXX.
1027 249 1120 282 CAP.
1149 249 1202 281 12.
1516 267 1541 286 a.
1557 268 1584 286 u.
1597 260 1659 287 551.

205 360 225 392 9
253 368 369 408 quam
390 366 455 394 rex
477 353 627 391 vinctus
649 353 688 390 in
719 358 970 403 conspectum
992 352 1103 391 datus
1126 358 1195 392 est.
1231 357 1315 392 tum
1337 353 1382 392 ad
1404 354 1666 405 spectaculum

184 531 224 562 10

183 700 221 732 11

182 927 223 960 12

183 1155 222 1186 13

183 1267 223 1299 14

182 1439 222 1472 15

252 418 330 452 tam
364 410 521 449 foedum
558 409 813 460 comploratio
852 413 957 455 orta,
985 413 1022 447 et
1052 410 1192 460 partim
1222 421 1364 460 pavore
1392 410 1546 449 moenia
1573 415 1666 450 sunt

254 469 412 513 deserta,
434 464 574 515 partim
595 466 798 516 repentino
822 478 1016 505 consensu
1037 466 1196 517 gratiam
1220 467 1322 517 apud
1344 466 1528 505 victorem
1546 480 1665 518 quae-

251 523 418 563 rentium
447 521 658 572 patefactae
692 527 837 574 portae.
889 527 927 561 et
952 522 1154 562 Masinissa
1181 523 1374 574 praesidio
1407 523 1507 562 circa
1533 529 1667 575 portas

253 584 551 631 opportunaque
585 580 785 618 moenium
823 578 1004 626 dimisso,
1036 593 1084 618 ne
1118 580 1177 619 cui
1213 580 1325 630 fugae
1353 584 1501 631 pateret
1528 580 1664 626 exitus,

251 637 298 676 ad
318 635 461 686 regiam
484 636 750 686 occupandam
773 635 886 674 citato
909 635 1010 674 vadit
1029 648 1142 686 equo.

364 691 524 730 Intranti
543 692 773 731 vestibulum
790 693 829 730 in
846 692 933 742 ipso
950 692 1083 731 limine
1096 692 1339 743 Sophoniba,
1355 705 1455 731 uxor
1468 693 1667 744 Syphacis,

251 749 325 787 tilia
347 748 599 787 Hasdrubalis
617 749 751 794 Poeni,
775 748 963 796 occurrit,
985 754 1022 787 et
1044 761 1132 788 cum
1154 749 1192 787 in
1214 749 1341 787 medio
1365 749 1517 800 agmine
1539 761 1667 788 arma-

250 811 382 844 torum
403 804 649 843 Masinissam
677 805 869 854 insignem
899 817 986 843 cum
1016 805 1132 844 armis
1153 810 1237 844 tum
1259 811 1385 844 cetero
1409 805 1545 844 habitu
1568 817 1663 844 con-

252 861 456 913 spexisset,
479 873 611 911 regem
633 874 733 906 esse,
756 861 794 900 id
817 861 921 911 quod
945 866 1037 907 erat,
1059 866 1151 908 rata,
1172 862 1335 913 genibus
1359 863 1536 901 advoluta
1561 862 1664 900 eius:

252 918 406 966 „omnia
427 917 583 968 quidem
603 922 647 956 ut
668 930 808 969 posses
830 918 869 957 in
890 917 1019 963 nohis,
1042 917 1079 956 di
1101 918 1289 957 dederunt
1308 919 1505 970 virtusque
1527 924 1563 957 et
1582 918 1667 956 feli-

252 975 345 1014 citas
373 979 457 1022 tua,
480 974 546 1012 sed
570 975 602 1012 si
624 974 793 1025 captivae
815 974 917 1025 apud
940 974 1144 1013 dominum
1166 975 1263 1013 vitae
1283 975 1465 1025 necisque
1487 987 1578 1013 suae
1597 987 1668 1012 vo-

253 1044 336 1070 cem
358 1031 573 1081 supplicem
596 1031 748 1070 mittere
767 1031 864 1076 licet,
892 1030 924 1069 si
943 1042 1078 1080 genua,
1104 1031 1136 1069 si
1153 1030 1347 1069 victricem
1367 1031 1552 1082 attingere
1574 1031 1667 1069 dex-

251 1094 372 1134 tram,
402 1099 540 1137 precor
567 1100 790 1138 quaesoque
822 1100 891 1138 per
919 1087 1159 1126 maiestatem
1189 1087 1353 1137 regiam,
1384 1087 1423 1126 in
1450 1100 1525 1138 qua
1552 1088 1666 1138 paulo

251 1149 339 1183 ante
367 1156 441 1181 nos
474 1156 628 1194 quoque
655 1144 820 1189 fuimus,
850 1156 918 1194 per
947 1144 1070 1194 gentis
1094 1144 1346 1182 Numidarum
1370 1155 1536 1190 nomen,
1565 1143 1668 1195 quod

250 1200 319 1239 tibi
341 1212 429 1238 oum
452 1200 627 1250 Syphace
656 1212 863 1238 commune
882 1199 972 1247 fuit,
997 1212 1065 1251 per
1085 1200 1247 1238 huiusce
1267 1200 1394 1250 regiae
1416 1201 1523 1245 deos,
1547 1201 1611 1251 qui
1631 1204 1668 1238 te

252 1256 476 1295 melloribus
507 1256 702 1294 ominibus
730 1256 936 1307 accipiant,
967 1269 1081 1307 quam
1105 1256 1320 1307 Syphacem
1347 1256 1439 1295 hinc
1466 1257 1668 1303 miserunt,

251 1313 351 1352 hanc
376 1313 528 1351 veniam
556 1313 720 1364 supplici
750 1313 836 1359 des,
867 1318 907 1351 ut
935 1314 1019 1364 ipse
1047 1314 1320 1364 quodcumque
1346 1313 1422 1352 fert
1449 1313 1601 1352 animus
1624 1313 1671 1351 de

255 1369 401 1420 captiva
431 1374 598 1415 statuas,
627 1382 752 1420 neque
780 1382 841 1408 me
869 1370 909 1408 in
938 1370 1170 1420 cuiusquam
1193 1369 1359 1408 Romani
1389 1369 1602 1420 superbum
1632 1374 1668 1407 et

254 1426 405 1465 crudele
427 1422 630 1464 arbitrium
653 1426 783 1464 venire
801 1427 918 1465 sinas.
953 1427 985 1465 si
1002 1426 1096 1465 nihil
1112 1426 1213 1465 aliud
1231 1438 1346 1476 quam
1366 1425 1552 1477 Syphacis
1570 1438 1668 1464 uxor

250 1482 435 1529 fuissem,
464 1488 593 1521 tamen
621 1482 810 1521 Numidae
838 1488 950 1534 atque
981 1483 1020 1521 in
1049 1483 1182 1521 eadem
1216 1495 1371 1521 mecum
1400 1482 1526 1522 Africa
1554 1482 1669 1533 geniti

252 1593 305 1633 51,
327 1593 379 1625 11.
398 1611 440 1615 —
458 1593 560 1625 (latus
577 1596 644 1633 est,
676 1594 824 1633 obgleicli
851 1594 920 1625 sich
996 1593 1066 1637 μὲι
1090 1590 1353 1637 ΝῙασαιάσση,
1378 1590 1470 1637 aar&
1498 1591 1536 1625 δὲ
1555 1593 1668 1624 ταῦτα

252 1639 402 1670 einzelne
421 1638 582 1680 Beispiele
606 1636 660 1669 fiir
685 1639 742 1669 das
761 1638 921 1681 plusqpi‘f.

253 1683 351 1724 conj.,
380 1684 524 1715 welches
555 1684 604 1714 die
636 1683 710 1714 Hss.
739 1693 779 1714 au
809 1695 840 1714 u.
870 1684 919 1715 St.

254 1729 374 1765 haben,
401 1729 479 1759 nach
503 1739 568 1759 non
587 1731 666 1759 ante
682 1739 781 1769 qaam
801 1728 920 1767 finden,

253 1784 280 1805 s.
299 1784 340 1804 zu
357 1773 410 1813 34,
429 1774 459 1813 S,
477 1773 508 1812 2,
533 1783 570 1803 so
594 1773 637 1803 ist
656 1774 736 1804 doch
763 1774 820 1804 das
839 1772 921 1815 perf.

252 1819 316 1849 ind.
332 1818 389 1849 das
403 1818 670 1858 gew'ohnlichere
686 1819 751 1849 und
765 1819 835 1849 hier
848 1820 921 1849 dem

252 1863 558 1903 Zusaminenhange
583 1873 852 1903 angemessener.
877 1881 922 1887 -

252 1910 360 1949 circa,
387 1910 478 1948 rings
500 1919 539 1939 an
564 1909 629 1939 alle
656 1908 778 1939 Thore.
798 1927 842 1930 —
860 1919 920 1952 op-

251 1957 399 1996 portuna
415 1965 472 1993 m„
491 1964 517 1984 s.
536 1953 589 1993 25,
608 1953 661 1993 30,
681 1955 716 1993 53
745 1953 797 1993 28,
811 1954 865 1993 42,
886 1953 920 1984 3:

253 2010 325 2030 zum
358 1999 575 2030 Entkomlnen
612 1999 802 2038 geeignete,
841 1999 922 2029 oder

252 2045 422 2084 geeignet,
448 2055 500 2075 uin
518 2044 570 2075 die
590 2043 709 2075 Fluclit
727 2044 920 2081 <besonde1‘s

253 2090 316 2120 wol
332 2090 391 2120 der
404 2089 611 2129 ko'niglichen
623 2089 772 2128 Familie)
789 2100 830 2119 zu
844 2099 922 2120 ver-

252 2134 400 2166 hindern.
419 2152 463 2156 -—
480 2133 581 2172 vadit,
600 2134 669 2171 eilt,
689 2134 755 2172 vgl.
775 2134 805 2170 2,
823 2134 873 2173 10,
889 2134 919 2164 5.

301 2179 350 2210 11.
378 2178 547 2217 vestibul„
576 2179 638 2209 wie
669 2179 699 2208 in
725 2178 821 2217 Rom,
847 2178 921 2218 s.2,

253 2224 306 2260 49,
331 2224 372 2262 33
404 2224 557 2255 dahinter
587 2224 637 2254 die
668 2223 838 2254 Hausthiir
867 2223 922 2262 (li-

252 2270 363 2308 ruine).
388 2286 430 2291 —
454 2268 661 2312 Sophoniba,
688 2279 723 2299 so
749 2273 850 2299 nennt
873 2268 921 2299 sie

252 2315 333 2344 auch
353 2314 489 2355 Appian.
507 2325 535 2345 c.
551 2314 603 2353 27,
619 2314 677 2344 der
691 2314 844 2353 iibrigens
859 2314 920 2344 den

253 2359 406 2398 Hergang
441 2359 492 2389 bei
532 2359 590 2389 der
628 2358 822 2398 Uebergabe
862 2359 921 2389 der

255 2404 350 2435 stadt
374 2409 475 2434 etwas
501 2404 621 2434 anders
641 2404 814 2441 darstellt3
840 2403 921 2434 Dio-

254 2449 324 2479 dor.
354 2449 375 2479 l.
401 2449 422 2479 l.
449 2446 645 2491 quovsiscg
678 2449 739 2479 Dio
769 2448 860 2479 Cass.
890 2459 921 2480 u,

255 2493 375 2524 Zonar.
395 2495 578 2537 Σοᾳωνίς.
611 2493 676 2524 Das
697 2493 920 2534 Verliiiltniss,

255 2538 284 2567 111
309 2539 379 2568 dem
399 2539 445 2568 sie
464 2540 543 2569 nach
563 2540 623 2569 den
644 2544 828 2578 genannten
849 2539 922 2569 vier

256 2581 519 2613 Schriststellern
545 2582 660 2614 friihei·
685 2595 725 2614 zu
746 2584 920 2615 Masinissa

256 2629 435 2665 gastandan
462 2629 564 2659 haben
590 2629 669 2667 soll,
697 2639 722 2659 s.
748 2629 800 2667 29,
819 2628 870 2669 23,
891 2629 919 2669 3,

256 2671 321 2710 vgl.
349 2672 457 2703 Diod.:
487 2670 666 2716 quoi'ssa
693 2671 709 2714 ἡ
736 2670 921 2718 πρότερον

997 1647 1063 1670 σω
1067 1647 1249 1679 οικησασα
1262 1637 1425 1680 Σύφακι
1441 1637 1480 1669 τὸ
1497 1636 1537 1669 δὲ
1553 1638 1668 1670 τελευ-

996 1685 1101 1715 Ταῖον
1133 1680 1247 1715 πάλιν
1282 1683 1332 1718 εἷς
1366 1685 1574 1726 συμβίωσιι
1606 1682 1665 1714 ἕλ-

994 1728 1119 1760 vocum
1149 1725 1211 1759 (Ῡια
1241 1724 1305 1768 τὴν
1334 1727 1595 1770 αῗχααλωσιαν
1617 1727 1667 1770 τῷ

996 1769 1260 1816 Ῐηασαιιὲσση,
1287 1773 1415 1804 scheint
1433 1773 1469 1804 L.
1494 1773 1583 1804 nicht
1607 1783 1667 1812 ge-

993 1818 1096 1849 kannt
1115 1819 1196 1849 oder
1213 1817 1407 1849 absichtlich
1425 1819 1514 1849 nicht
1529 1818 1666 1849 beriihrt

994 1874 1035 1894 zu
1054 1864 1169 1894 haben.

1042 1908 1198 1939 12—14.
1225 1910 1259 1939 in
1282 1909 1393 1948 nobis,
1420 1908 1474 1947 29,
1501 1908 1550 1949 16,
1569 1909 1606 1947 53
1634 1909 1663 1948 5,

997 1953 1048 1993 11,
1071 1954 1127 1984 1οε
1152 1955 1186 1984 in
1209 1955 1253 1984 iis
1271 1956 1444 1996 potestate
1460 1964 1526 1985 non
1542 1955 1603 1985 uti.
1621 1972 1662 1976 -—

989 1998 1140 2039 felicitas
1159 1999 1357 2029 wiederholt
1375 1999 1432 2029 das
1451 1999 1482 2029 in
1501 1998 1549 2030 die·
1564 1998 1663 2030 dede-

994 2047 1078 2075 runt
1111 2043 1256 2083 Gesagte
1295 2054 1358 2074 von
1394 2043 1487 2074 einer
1519 2044 1664 2074 anderen

995 2088 1097 2120 Seite.
1115 2107 1159 2110 —
1175 2088 1245 2127 sed,
1261 2088 1341 2118 aber
1359 2088 1524 2119 vollziehe
1544 2089 1668 2128 wenig-

995 2137 1087 2164 stens
1106 2133 1213 2164 selbst
1227 2143 1295 2163 was
1310 2133 1392 2163 iiber
1405 2133 1487 2163 mich
1502 2133 1667 2173 verhiingt

994 2179 1049 2209 ist.
1070 2197 1108 2200 —
1130 2188 1243 2209 vocem
1261 2189 1289 2209 s.
1306 2188 1363 2218 m„
1381 2177 1472 2209 Curt.
1492 2177 1523 2217 4,
1538 2177 1589 2219 28,
1605 2178 1663 2209 28:

993 2233 1074 2254 num
1093 2233 1203 2255 vocem
1218 2222 1405 2265 supplicem
1418 2223 1534 2254 wn'sit?
1547 2241 1591 2245 -—
1604 2233 1665 2266 per

994 2270 1092 2307 1111112,
1117 2279 1144 2305 s,
1164 2268 1217 2307 29,
1239 2268 1289 2307 is,
1309 2268 1339 2299 9.
1359 2286 1403 2290 —
1419 2279 1540 2309 neque,
1567 2278 1593 2299 S.
1611 2268 1664 2311 24,

995 2313 1025 2353 3,
1048 2313 1105 2352 14·
1126 2313 1178 2350 23
1199 2313 1228 2351 3,
1248 2312 1563 2355 3.—cm'11.,s*quam
1579 2313 1665 2344 Sub-

995 2359 1192 2398 stantivuin,
1218 2369 1244 2389 s
1265 2357 1302 2389 Z.
1322 2357 1343 2399 ξ
1366 2358 1437 2396 137,
1457 2369 1484 2390 s.
1503 2358 1556 2397 31,
1576 2359 1605 2397 9,
1624 2357 1662 2388 2:

995 2414 1103 2447 Oppug
1097 2384 1215 2435 »7111ηὲΙί
1232 2404 1448 2445 οιιῑίιεᾳααηις
1472 2403 1522 2441 10,
1540 2403 1590 2442 19,
1610 2403 1663 2434 14:

994 2451 1196 2491 cuiusquam
1220 2448 1339 2487 ductu,
1367 2448 1397 2481 4,
1426 2448 1476 2485 11,
1525 2448 1590 2487 ·,5
1609 2446 1663 2487 46,

994 2494 1032 2532 23
1059 2495 1112 2529 35,
1131 2494 1182 2533 30,
1202 2494 1222 2524 4
1239 2505 1270 2525 u.
1289 2503 1337 2530 as.
1362 2492 1512 2531 li‘aufigcr
1524 2472 1663 2523 braucht

994 2539 1030 2569 L.
1060 2540 1172 2580 ullius,
1203 2549 1228 2570 s.
1253 2538 1306 2578 27,
1332 2538 1384 2578 45,
1416 2537 1453 2576 2;
1481 2536 1535 2578 21,
1566 2538 1596 2575 5,
1622 2537 1662 2568 12

992 2595 1025 2614 u.
1045 2595 1074 2615 a.

1042 2628 1198 2661 15-16,
1231 2628 1348 2660 eadem
1376 2637 1524 2667 mecum,
1550 2637 1576 2658 s.
1608 2626 1660 2665 28,

994 2673 1046 2715 28,
1074 2674 1130 2713 14,
1156 2674 1222 2714 vgl.
1244 2684 1271 2705 c.
1291 2673 1344 2712 27,
1363 2673 1400 2711 53
1428 2671 1507 2703 Tac.
1527 2673 1588 2704 An.
1612 2671 1661 2711 15,

1696 870 1736 902 10

1699 1150 1738 1182 15

1697 1415 1784 1464 20
