1784 2967
671 250 799 283 LIBER
823 250 980 285 XXVIII.
1029 250 1121 284 CAP.
1149 251 1202 284 30.
1491 258 1637 286 a.u.54s.

234 253 312 292 196

233 355 378 394 dictum
400 359 470 399 est,
489 353 626 392 fuerat.
667 354 853 404 patefacta
875 355 1066 394 Inmatura
1087 353 1256 405 proditio
1279 358 1349 399 est,
1373 365 1637 404 conprensos—

232 424 304 462 que
325 410 454 449 omnis
497 410 609 460 Mago
651 410 856 450 Adherbali
889 411 1060 463 praetori
1095 410 1360 461 Carthaginem
1397 409 1639 448 devehendos

231 466 360 506 tradit.
407 466 598 505 Adherbal
634 466 846 507 coniuratis
882 468 921 507 in
949 468 1266 519 quinqueremem
1296 466 1495 518 inpositis,
1525 479 1638 518 prae-

231 524 428 573 missaque
444 535 499 569 ea,
523 523 609 574 quia
628 524 777 564 tardior
799 537 915 576 quam
936 524 1106 563 triremis
1128 529 1218 569 erat,
1240 524 1326 575 ipse
1347 535 1433 562 cum
1457 528 1545 562 octo
1567 523 1636 562 tri-

195 586 201 593 “
231 579 405 618 remibus
427 579 582 618 modico
611 580 806 619 intervallo
834 582 1022 632 sequitur.
1062 581 1137 619 iam
1165 582 1304 619 fretum
1332 579 1499 618 intrabat
1524 579 1637 630 quin-

233 636 449 687 queremis,
489 649 576 675 cum
604 637 756 676 Laelius
785 643 822 676 et
851 637 933 688 ipse
963 637 1002 676 in
1035 637 1305 688 quinqueremi
1334 641 1451 687 portu
1473 635 1642 674 Carteiae

231 693 482 744 sequentibus
518 698 668 743 septem
704 694 925 733 triremibus
959 700 1112 733 evectus
1141 694 1180 732 in
1206 693 1463 733 Adherbalem
1490 692 1641 731 invehi-

230 755 314 794 tur,
352 749 669 800 quinqueremem
707 750 798 788 satis
835 751 996 789 credens
1032 751 1264 802 deprensam
1301 749 1437 801 rapido
1475 749 1515 788 in
1541 749 1639 788 freto

230 806 269 845 in
291 806 494 844 adversum
516 811 663 844 aestum
686 806 918 857 reciprocari
939 818 1020 845 non
1041 819 1171 858 posse.
1213 807 1369 845 Poenus
1392 806 1430 844 in
1452 819 1493 845 re
1514 806 1640 845 subita

230 874 443 913 parumper
463 862 631 901 incertus
653 863 874 914 trepidavit,
901 868 1031 902 utrum
1062 863 1379 914 quinqueremem
1401 868 1640 914 sequeretur,

233 932 281 958 an
309 921 351 958 in
378 919 503 957 hostis
532 924 660 958 rostra
689 925 940 958 converteret.
992 920 1076 970 ipsa
1103 919 1294 958 cunctatio
1322 920 1539 958 facultatem
1570 919 1640 957 de-

230 976 450 1014 trectandae
472 988 622 1026 pugnae
644 976 806 1020 ademit:
828 977 904 1015 iam
926 976 1027 1015 enim
1051 976 1123 1015 sub
1145 977 1223 1015 ictu
1244 976 1306 1015 teli
1328 982 1446 1022 erant,
1469 980 1506 1014 et
1525 975 1642 1014 undi-

232 1045 304 1083 que
325 1032 520 1071 instabant
541 1033 693 1080 hostes,
723 1038 853 1072 aestus
875 1045 1030 1084 quoque
1053 1032 1253 1071 arbitrium
1278 1032 1503 1071 moderandi
1524 1044 1641 1071 naves

231 1089 436 1128 ademerat.
477 1101 603 1140 neque
623 1095 704 1128 erat
724 1090 845 1128 navali
868 1102 994 1141 pugna
1017 1089 1171 1135 similis,
1202 1089 1344 1140 quippe
1371 1088 1435 1128 ubi
1457 1088 1552 1127 nihil
1574 1101 1641 1126 vo—

230 1145 460 1190 luntarium,
482 1145 577 1184 nihil
598 1146 690 1185 artis
713 1152 778 1185 ant
799 1147 949 1185 consilii
971 1151 1086 1185 esset.
1127 1158 1202 1185 una
1224 1151 1358 1184 natura
1378 1145 1467 1184 freti
1489 1150 1639 1184 aestus-

231 1214 323 1252 que,
351 1201 471 1240 totius
503 1203 725 1241 certaminis
755 1209 914 1254 potens,
946 1204 1027 1242 suis
1058 1202 1187 1241 alienis
1216 1202 1376 1241 navibus
1408 1202 1640 1253 nequiquam

229 1258 389 1309 remigio
412 1259 452 1296 in
475 1260 714 1297 contrarium
735 1259 929 1298 tendentis
952 1259 1173 1306 invehebat,
1200 1264 1236 1298 et
1264 1259 1473 1310 fugientem
1503 1270 1639 1296 navem

230 1315 378 1353 videres
401 1314 539 1354 vertice
561 1321 663 1355 retro
686 1315 870 1355 intortam
893 1316 1106 1355 victoribus
1134 1315 1308 1360 inlatam,
1338 1320 1375 1354 et
1402 1319 1639 1366 sequentem,

230 1516 455 1549 comprensos,
471 1506 617 1549 synesis:
631 1507 684 1538 die
697 1506 898 1539 Vei-schwo-

229 1561 342 1583 renen.
377 1570 419 1574 —
449 1554 620 1594 praetori,
663 1550 899 1583 Befehlshaber

230 1597 302 1635 (der
320 1596 458 1635 Flottte)
492 1598 573 1628 oder
602 1597 696 1629 einer
715 1598 773 1629 der
798 1597 898 1629 suffe-

229 1647 281 1673 tes
300 1652 327 1673 c.
346 1641 401 1682 37,
419 1641 450 1672 2.

275 1687 373 1717 5—7.
403 1686 532 1718 tardem·
549 1698 578 1728 q.
598 1690 630 1719 tr
645 1713 652 1725 ‚
671 1688 721 1719 die
740 1689 897 1727 grossere

229 1732 469 1771 Selinelligkeit
487 1733 546 1763 der
560 1732 678 1764 Schiffe
698 1733 798 1773 h'angt
811 1733 900 1764 nicht

228 1777 328 1808 allein
356 1788 420 1808 von
444 1778 503 1808 der
527 1779 705 1817 grosseren
732 1777 815 1809 Zahl
840 1778 899 1809 der

228 1822 340 1854 Ruder
357 1822 415 1861 ab3
440 1833 467 1854 s.
479 1823 627 1875 Appian.
647 1824 680 1854 B.
700 1823 733 1854 C.
753 1824 790 1863 5,
817 1823 896 1854 106.

228 1868 274 1908 ῆι
297 1865 337 1899 δὲ
366 1868 426 1899 καὶ
450 1864 492 1899 τὰ
518 1866 642 1920 σκάᾳη
665 1887 711 1891 -
734 1870 896 1921 Καίσαρι

228 1912 340 1963 μείζω
379 1914 440 1944 καὶ
479 1911 661 1965 βασίῑερα
702 1914 762 1945 καὶ
800 1925 880 1965 παρ

229 1954 318 1988 αὐτὸ
352 1959 413 1989 καὶ
447 1955 670 2003 βωαδὺτερα,
708 1955 897 2003 βιαιότερα

231 2001 269 2034 δὲ
293 1998 392 2046 ὅμως
415 2001 604 2046 ἐμπεσεῖν.
626 2022 672 2027 —-
693 2007 795 2048 portu
825 2015 898 2036 eze—

230 2050 316 2087 ctus,
342 2058 368 2080 s.
387 2048 498 2089 Quint
516 2050 546 2089 6,
575 2050 601 2089 1,
626 2049 685 2080 52:
710 2050 896 2090 confr-ag&

228 2094 277 2124 sis
301 2095 401 2134 atque
422 2104 555 2136 asperis
578 2097 698 2132 electi,
725 2095 791 2125 Cic.
810 2094 896 2125 Mur.

228 2137 260 2170 2.
279 2137 313 2168 4:
330 2140 433 2180 porta
446 2139 591 2176 soli-erm
612 2139 647 2170 L.
663 2139 691 2179 6,
705 2138 757 2178 33,
773 2140 810 2169 5:
831 2149 897 2170 00:15

228 2182 318 2214 edita
337 2183 476 2227 templo;
501 2185 536 2223 9,
557 2184 615 2221 22,
631 2184 668 2215 7:
693 2195 774 2226 equo
793 2194 897 2227 prae-

228 2230 394 2270 ciPt'taret,
418 2229 484 2269 vgl.
504 2230 557 2268 21,
581 2229 634 2267 56,
657 2229 684 2261 1.
703 2248 747 2252 —
764 2232 897 2262 evectus

227 2290 272 2296 ·—
295 2274 446 2313 invehit„
465 2285 491 2306 s.
512 2275 565 2315 25,
590 2273 648 2316 36,
676 2274 708 2315 1,
733 2285 773 2306 an
796 2286 827 2307 u.
847 2275 896 2306 St.

208 2318 320 2350 ·vie11.
345 2319 538 2351 absichtlich
562 2320 719 2359 gewiihlt.
743 2338 786 2342 —
811 2322 897 2352 satis

229 2374 294 2403 ctu,
319 2364 379 2405 21,
403 2364 462 2403 26,
487 2365 517 2396 4.
536 2383 580 2388 —
596 2364 812 2408 deprensam,
838 2376 898 2396 un-

228 2410 408 2440 versehens
427 2408 666 2450 festgehalten‚
692 2420 728 2441 so
753 2411 829 2441 dass
849 2411 896 2441 sie

228 2454 318 2485 nicht
334 2455 461 2486 wieder
473 2456 678 2494 umwendem
695 2465 745 2487 ani
760 2453 897 2497 Rampfe

228 2497 347 2530 keinen
371 2498 466 2531 Theil
492 2501 627 2532 nelnnen
654 2501 773 2532 kiinne.
796 2519 841 2523 —-
862 2511 895 2532 τη

228 2543 302 2574 adr.
320 2547 415 2584 aest„
433 2555 535 2584 gegen
555 2546 607 2576 die
625 2555 685 2577 aus
699 2547 770 2577 dein
785 2545 896 2576 Ocean

228 2587 259 2617 in
285 2589 343 2619 das
362 2589 567 2621 Mittelmeer
583 2591 729 2630 gehende
748 2590 898 2622 Meeres-

229 2634 402 2673 striimung
430 2636 557 2666 wieder
585 2637 615 2666 in
633 2635 735 2676 jenen
761 2635 896 2674 zuriiek,

230 2686 256 2707 s.
278 2676 423 2710 Maerob.
442 2679 511 2711 Sat.
536 2681 564 2717 7,
596 2680 646 2721 12,
672 2680 728 2712 35:
751 2683 895 2721 meatus,

971 1508 1027 1549 qai
1049 1506 1142 1538 solas
1159 1506 1200 1538 de
1219 1506 1346 1539 Oceano
1367 1509 1520 1549 receptas
1537 1517 1643 1547 aquas

970 1555 1002 1584 in
1021 1554 1132 1584 maria
1149 1555 1269 1584 nostra
1282 1553 1486 1583 transmittit
1499 1554 1531 1582 in
1539 1553 1643 1593 freto

972 1600 1024 1629 est
1044 1595 1217 1629 Gaditano.
1233 1616 1276 1620 --
1290 1596 1379 1628 Naeh
1394 1596 1549 1628 Neueren
1565 1597 1644 1636 geht

972 1643 1029 1673 der
1054 1643 1163 1673 Strom
1188 1653 1228 1673 an
1258 1643 1317 1673 der
1341 1642 1495 1673 Siidseite
1519 1643 1554 1673 in
1579 1642 1641 1673 den

972 1687 1098 1727 Ocean,
1145 1697 1172 1718 s.
1215 1688 1332 1727 Barth,
1379 1686 1639 1726 Wanderungen

970 1733 1072 1764 durch
1097 1733 1148 1763 die
1167 1731 1415 1764 Hiistenliinder
1438 1733 1496 1763 des
1515 1731 1641 1763 Mittel-

972 1788 1079 1809 meers
1107 1778 1209 1816 1849,
1240 1778 1273 1809 S.
1302 1778 1315 1808 1
1343 1788 1373 1808 u.
1398 1777 1457 1816 533
1484 1776 1588 1810 Ukert
1610 1777 1641 1816 2,

975 1823 1008 1863 1,
1034 1823 1086 1854 87.
1110 1841 1154 1846 ·-
1177 1825 1403 1865 quinquerem.
1430 1832 1577 1865 semler„
1600 1832 1641 1853 an

972 1869 1031 1899 der
1055 1868 1237 1900 riimischen
1260 1868 1388 1907 Flotte‚
1413 1868 1466 1899 die
1491 1867 1640 1899 nfirdlich

972 1914 1052 1945 nach
1076 1913 1185 1945 Gades
1215 1918 1403 1952 zusteuert,
1436 1913 1582 1975 voriiber
1609 1913 1640 1943 in

971 1959 1029 1991 das
1046 1957 1178 1990 fretum.

1016 2004 1127 2036 8—9.
1166 2005 1228 2036 sub
1251 2006 1334 2045 ictu,
1360 2003 1419 2043 30,
1447 2003 1502 2043 10,
1529 2002 1580 2033 13.
1597 2019 1641 2026 —·

969 2052 1101 2088 aestas,
1135 2050 1186 2080 die
1216 2049 1448 2088 hochgehende
1477 2047 1558 2086 See,
1588 2046 1639 2078 die

968 2095 1129 2133 unruhige
1169 2094 1357 2133 Bewegung
1397 2094 1455 2123 des
1494 2091 1639 2132 Meeres,

969 2137 990 2180 ξ
1014 2139 1033 2168 6
1053 2149 1083 2169 u.
1108 2139 1127 2169 9
1152 2138 1196 2169 ist
1218 2141 1334 2170 aestas
1358 2138 1449 2169 mehr
1472 2137 1524 2168 die
1544 2136 1638 2168 Sti-b·-

968 2194 1082 2224 mung,
1106 2184 1146 2214 da
1170 2194 1206 2214 es
1224 2183 1402 2214 erklarcnd
1420 2193 1461 2214 zu
1478 2184 1640 2214 naturam

969 2233 1103 2269 gesetzt
1127 2229 1187 2268 ist,
1212 2229 1277 2260 und
1301 2229 1359 2260 das
1381 2227 1640 2259 Charakteristi-

970 2275 1063 2312 sche,
1089 2284 1115 2304 S.
1135 2285 1163 2305 c.
1185 2274 1242 2312 27,
1270 2274 1327 2313 11,
1350 2274 1557 2315 dessretmn
1579 2282 1638 2313 ge-

970 2320 1049 2351 rade
1079 2319 1131 2350 die
1160 2318 1283 2359 beftige
1307 2319 1487 2358 Stro'mung
1515 2319 1569 2349 ist.
1593 2335 1638 2340 —

968 2364 1184 2406 moderandi,
1217 2365 1289 2395 eine
1322 2364 1508 2395 bestimmte
1539 2362 1638 2394 Rich*

969 2414 1049 2450 tung
1067 2410 1131 2441 und
1149 2409 1388 2449 Schnelligkeit
1406 2409 1530 2449 geben3
1556 2407 1634 2439 Tac.

969 2455 1056 2487 Anu.
1080 2454 1115 2495 2,
1148 2454 1206 2485 70:
1239 2454 1482 2486 moderabatur
1509 2454 1634 2485 cursui.

968 2518 1012 2523 -—
1028 2501 1061 2531 in
1087 2502 1195 2531 contr.
1220 2500 1312 2531 tend:
1339 2500 1420 2530 nach
1443 2500 1503 2530 der
1519 2502 1635 2538 entge-

968 2549 1208 2585 gengesetzten
1256 2544 1420 2584 Richtung
1466 2543 1636 2583 steuernd,

967 2590 1207 2621 hinarbeitend.
1247 2608 1291 2613 --
1329 2591 1451 2621 vertice
1490 2598 1520 2620 r.
1562 2590 1635 2627 int„

967 2636 1068 2666 durch
1086 2636 1147 2666 den
1167 2634 1302 2665 Strudel
1319 2634 1513 2674 gewaltsam
1535 2633 1636 2664 riick-

967 2681 1071 2712 w'zirts
1088 2680 1243 2720 gedreht,
1268 2679 1335 2720 vgl.
1354 2679 1414 2719 21,
1437 2678 1496 2718 58,
1521 2677 1559 2718 33
1582 2679 1633 2709 in-

1672 869 1713 902 10

1673 1152 1712 1186 15
