1784 2967
13 920 51 951 10

11 1201 49 1233 15

79 321 105 339 a.
121 314 174 339 eh.
190 313 252 337 210.
511 301 638 335 LIBER
654 300 782 334 XXVI.
815 301 907 333 CAP.
926 301 981 334 36.
1001 302 1054 334 37.

1401 305 1483 344 289

78 410 120 445 ut
143 406 269 456 prima
296 410 362 444 aut
382 405 480 444 inter
500 404 649 456 primos
670 403 831 442 nomina
853 416 921 442 sua
943 404 1078 443 vellent
1098 405 1137 443 in
1158 405 1320 456 publicis
1342 405 1482 445 tabulis

78 474 182 509 esse,
216 466 259 499 ut
290 473 362 500 nec
392 460 582 500 triumviri
619 459 845 510 accipiundo
877 471 949 498 nec
982 461 1130 499 scribae
1163 462 1369 501 referundo
1398 462 1482 502 suf-

77 519 248 557 ficerent.
295 518 398 557 hunc
432 529 667 556 consensum
700 521 856 555 senatus
888 521 1063 566 equester
1097 518 1192 556 ordo
1223 524 1281 557 est
1308 524 1479 565 secutus,

78 574 268 626 equestris
297 574 442 613 ordinis
469 573 590 625 plebs.
631 572 681 611 ita
703 573 786 611 sine
815 572 959 618 edicto,
991 573 1072 611 sine
1099 575 1331 614 coercitione
1356 575 1483 626 magi-

79 636 222 670 stratus
249 642 320 669 nec
346 630 490 681 remige
517 630 555 668 in
583 629 898 680 supplementum
927 641 1000 667 nee
1025 629 1215 680 stipendio
1242 643 1304 669 res
1331 631 1482 682 publica

78 687 197 739 eguit,
218 687 436 737 paratisque
458 686 638 725 omnibus
660 686 706 725 ad
727 685 868 724 bellum
892 685 1070 724 consules
1092 686 1131 724 in
1152 687 1367 737 provincias
1388 701 1480 739 pro-

77 744 165 783 fecti
187 748 290 782 sunt.

190 799 322 850 Neque
349 799 449 838 aliud
476 799 599 850 magis
626 804 781 850 tempus
810 798 897 837 belli
923 798 1011 846 fuit,
1040 811 1115 849 quo
1145 798 1480 850 Carthaginienses
1507 797 1558 838 37

77 856 321 906 Romanique
347 856 491 907 pariter
516 855 629 894 variis
652 855 804 894 casibus
826 855 1011 893 immixtis
1034 855 1154 906 magis
1176 856 1214 893 in
1237 856 1391 906 ancipiti
1413 868 1482 906 spe

77 925 121 951 ae
140 918 247 951 metu
266 913 420 951 fuerint.
461 925 549 951 nam
564 912 749 950 Romanis
771 917 806 950 et
827 912 865 950 in
887 911 1107 962 provinciis,
1130 911 1219 950 hinc
1238 913 1277 950 in
1294 912 1481 963 Hispania

76 969 257 1008 adversae
278 981 352 1016 res,
376 969 466 1007 hinc
481 981 690 1020 prosperae
707 969 745 1007 in
764 968 888 1007 Sicilia
904 968 1046 1006 luctum
1066 974 1102 1006 et
1117 967 1297 1007 laetitiam
1313 969 1480 1008 miscue-

76 1031 181 1073 rant,
212 1030 249 1064 et
275 1025 312 1063 in
333 1026 436 1064 Italia
458 1038 544 1064 eum
567 1026 775 1064 Tarentum
798 1024 984 1063 amissum
1008 1025 1148 1062 damno
1171 1030 1207 1062 et
1229 1025 1369 1072 dolori,
1397 1032 1479 1064 tum

76 1095 142 1120 arx
163 1094 251 1121 cum
273 1082 465 1132 praesidio
487 1088 633 1120 retenta
656 1087 807 1133 praeter
828 1093 936 1131 spem
958 1080 1095 1131 gaudio
1117 1081 1204 1122 fuit:
1233 1086 1270 1119 et
1290 1087 1478 1120 terrorem

79 1138 250 1177 subitum
271 1151 529 1190 pavoremque
549 1138 663 1177 urbisx
677 1138 823 1176 Romae
840 1137 1021 1176 obsessae
1040 1143 1076 1175 et
1094 1144 1335 1188 oppugnatae
1353 1138 1480 1189 Capua

78 1201 170 1246 post
195 1195 276 1234 dies
303 1208 448 1246 paucos
472 1201 581 1246 capta
602 1195 641 1233 in
662 1194 842 1233 laetitiam
864 1193 985 1232 vertit.
1025 1195 1306 1232 transmarinae
1328 1207 1481 1246 quoque

77 1327 150 1348 zum
184 1317 280 1349 Theil
317 1318 521 1357 wenigstens
563 1318 652 1349 nicht
684 1328 742 1358 ge-

75 1362 190 1393 miinzt
207 1363 261 1401 ist,
280 1363 469 1403 gegeniiber
484 1363 630 1403 gestellt,
645 1373 670 1393 s.
688 1362 741 1402 24,

864 1317 890 1348 1.
915 1319 1036 1358 magis,
1054 1327 1149 1348 wenn
1169 1327 1203 1348 es
1228 1317 1305 1349 'acht
1321 1317 1364 1349 ist
1383 1317 1481 1357 (Gro-

816 1373 880 1393 nov
899 1373 929 1393 u.
945 1362 983 1393 A.
1004 1362 1123 1393 wollen
1144 1373 1179 1393 es
1201 1363 1333 1402 tilgenJ„
1353 1364 1482 1395 scheint

76 1406 127 1448 21,
147 1407 182 1446 33
204 1408 234 1447 4,
249 1408 354 1447 42,1;
373 1408 453 1439 doch
471 1409 527 1440 hat
540 1409 590 1439 die
606 1408 743 1439 Colber-

76 1453 164 1484 tiner
180 1452 299 1484 Hdsch.
320 1456 352 1485 et
368 1456 550 1495 argentum
563 1472 606 1476 —-
622 1456 656 1484 et
672 1464 741 1484 aes.

77 1500 213 1529 certam.
231 1500 299 1538 ini„
318 1499 436 1530 anders
455 1498 506 1540 27,
526 1498 556 1539 6,
574 1498 604 1530 2.
623 1517 663 1520 -
683 1508 743 1529 no-

77 1544 179 1583 mina,
209 1543 260 1575 die
286 1545 316 1575 in
342 1544 394 1575 die
419 1543 743 1584 Rechnungsbiicher

78 1588 136 1619 des
154 1588 287 1620 Staates
308 1588 463 1632 (publicis
490 1589 610 1621 tabulis
628 1600 659 1620 n.
679 1599 742 1620 ex-

76 1635 175 1676 pensi
190 1636 223 1665 et
233 1637 378 1678 accepti)
397 1634 457 1665 auf
471 1635 531 1665 den
550 1634 673 1665 Namen
692 1634 741 1665 ei-

79 1688 136 1709 nes
175 1679 277 1710 Jeden
316 1680 573 1720 eingetragenen
605 1679 739 1717 Postea,

78 1723 390 1763 eingeschriebenen
410 1725 583 1764 Darlehen,
602 1724 668 1764 vgl.
687 1723 741 1764 35,

80 1768 110 1807 7,
128 1767 159 1799 2.
188 1786 234 1791 —
255 1769 450 1812 accipienti„
469 1770 500 1800 in
521 1767 682 1810 Einpfang
700 1779 741 1799 zu

79 1813 228 1851 nehmen,
253 1825 294 1845 zu
316 1815 443 1854 wagen,
469 1815 637 1851 scha'tzen,
662 1814 740 1844 z'tih-

79 1858 143 1889 len.
161 1875 205 1880 —
221 1860 339 1900 refer„
360 1860 432 1890 hier
449 1870 522 1890 vom
541 1859 739 1890 Schuldner:

80 1903 131 1934 als
148 1902 379 1945 empfangenes
399 1904 541 1935 Darlehn
561 1904 741 1945 eintragen,

79 1948 218 1979 namlich
236 1949 266 1980 in
288 1950 339 1980 die
358 1949 499 1986 Biicber,
525 1950 626 1980 deren
651 1948 742 1980 Fiih-

79 2003 164 2033 rung
178 1994 239 2024 den
258 1994 386 2026 scribae
401 1994 454 2026 fiir
467 1995 519 2026 die
533 1994 741 2035 Magistrate‚

79 2038 111 2069 in
135 2039 236 2070 deren
261 2040 398 2071 Dienste
422 2040 470 2071 sie
495 2040 574 2080 sind,
606 2039 741 2078 obliegt,

79 2088 175 2115 sonst
191 2085 274 2116 auch
291 2095 355 2115 von
385 2085 457 2115 dem
480 2084 660 2124 Gliiubiger
684 2093 743 2124 ge-

78 2128 228 2169 braucht,
246 2140 272 2161 s.
291 2129 381 2161 Flor.
407 2130 428 2161 l.
446 2130 483 2169 1.;
513 2129 592 2161 Rein
612 2129 744 2161 Privat-

79 2174 174 2205 recht
190 2173 223 2205 S.
242 2174 368 2206 680.—
382 2185 547 2215 consens„
565 2185 617 2206 um
635 2174 744 2205 dieses

80 2218 369 2261 hervorzuheben,
394 2230 420 2251 s.
445 2219 465 2262 ξ
492 2221 528 2251 5:
560 2230 685 2252 omnes.
700 2237 740 2242 —

81 2262 201 2303 edicto,
219 2265 282 2295 wie
308 2275 344 2296 es
373 2275 399 2297 c.
419 2264 460 2296 35
486 2265 635 2296 erlassen
653 2274 743 2295 wor-

81 2308 143 2339 den
161 2318 243 2340 war.
259 2327 304 2332 —
326 2312 469 2347 coercit„
494 2309 745 2350 Zwangsmass-

81 2353 195 2394 regeln
220 2364 324 2394 gegen
348 2355 437 2386 nicht
460 2354 638 2396 Zablende,
668 2365 694 2386 s.
713 2365 741 2386 c.

81 2397 142 2439 35,
163 2397 199 2430 ὃς
222 2399 316 2431 nulla
338 2401 389 2438 vi‚·
411 2399 448 2440 4,
472 2400 529 2442 53,
554 2400 590 2432 7:
614 2399 746 2432 consu-li

80 2442 242 2476 damnum
263 2444 428 2487 aliamque
451 2447 683 2477 coercitionem
698 2462 743 2468 —

81 2488 348 2522 detrectantibus
375 2490 530 2522 militiam
568 2490 744 2531 inlzz‘benti,

81 2543 109 2565 s.
133 2533 239 2577 Marq.
264 2534 296 2575 3,
319 2534 350 2577 2,
376 2535 451 2566 134.
481 2554 525 2558 -—
553 2537 663 2577 eguit,
689 2535 745 2566 litt

79 2578 199 2654 {ginen
214 2579 355 2622 Mangel,
373 2580 545 2613 entbehrte
560 2581 659 2621 nieht,
676 2580 744 2621 vgl.

127 2648 135 2662 ,
153 2625 207 2665 49,
225 2625 256 2657 4.

127 2663 195 2703 37.
220 2670 416 2703 Uebersicht
431 2671 491 2703 der
503 2669 746 2711 Verhiiltnisse,

82 2715 149 2755 vgl.
167 2726 194 2747 c.
212 2715 324 2756 41,14
342 2716 375 2748 ff.

153 2766 234 2794 Titus
255 2767 350 2795 Livius
370 2768 403 2795 V.
423 2767 449 2797 2.
472 2768 546 2796 Auss.

816 1408 885 1439 sich
910 1408 1069 1438 zun‘zichst
1092 1406 1151 1438 auf
1174 1407 1282 1449 aliud,
1313 1408 1482 1439 mittelbar

815 1453 896 1484 auch
914 1451 972 1483 auf
988 1454 1122 1495 pariter
1145 1463 1186 1483 zu
1209 1453 1382 1485 beziehen:
1407 1453 1482 1484 kei-

816 1508 857 1528 ne
882 1498 1004 1528 andere
1028 1498 1059 1528 in
1083 1498 1238 1529 haberem
1273 1497 1397 1537 Grade,
1427 1509 1479 1529 wo

816 1543 1050 1583 gleichm'zissig
1067 1553 1096 1573 u.
1117 1553 1143 1574 s.
1161 1553 1214 1582 w.,
1239 1543 1270 1574 in
1289 1543 1406 1575 keiner
1424 1553 1482 1575 an-

813 1589 916 1619 deren
931 1587 1007 1619 Zeit
1020 1598 1131 1619 waren
1146 1589 1237 1619 mehr
1250 1588 1481 1629 gleichmiissig

813 1644 844 1664 u.
865 1643 891 1664 s.
911 1643 962 1674 ἢκ,
981 1643 1007 1664 S.
1034 1632 1087 1673 32,
1111 1632 1164 1673 21,
1187 1633 1236 1664 16.
1261 1635 1419 1665 inmixtis
1436 1634 1481 1665 ist

813 1679 865 1709 ein
890 1679 1112 1718 gesteigertes
1141 1680 1279 1710 mactis:
1308 1679 1479 1710 unterein-

812 1724 914 1755 ander
927 1724 1094 1764 gemiscbt,
1107 1724 1170 1754 wie
1185 1724 1326 1755 nachher
1339 1726 1482 1756 misc-ue-

812 1771 900 1809 rant,
932 1769 997 1799 und
1030 1769 1151 1808 gerade
1181 1769 1271 1800 diese
1305 1768 1479 1809 Mischung

814 1813 1017 1854 gliieklicher
1048 1814 1111 1843 und
1143 1813 1393 1853 ungliicklicher
1415 1814 1479 1845 Er-

814 1859 957 1898 eignisse
972 1858 1052 1888 wird
1068 1858 1108 1888 im
1122 1857 1215 1898 Folg.
1231 1857 1478 1899 durchgefiihrt,

814 1903 881 1943 vgl.
900 1903 953 1941 45,
980 1903 1031 1942 14,
1051 1902 1085 1933 3:
1118 1904 1176 1944 qui
1196 1906 1323 1935 sortem
1348 1914 1481 1935 omnem

804 1949 975 1990 fortunae
998 1949 1159 1989 regnique
1186 1950 1240 1980 sui
1270 1959 1347 1981 cum
1379 1950 1481 1980 rebus

815 1993 977 2025 Romanis
1005 1994 1247 2031 inmiscuisset;
1280 1993 1335 2034 35,
1364 1993 1417 2033 34,
1442 1994 1479 2025 S:

815 2039 975 2082 inprobos
991 2056 1036 2060 —
1051 2039 1250 2070 inmiscendi
1264 2049 1319 2071 res
1334 2039 1481 2071 tumultu

816 2084 970 2115 Aetolico
991 2094 1067 2126 spes
1085 2085 1205 2121 nim-it,-
1237 2084 1368 2115 Andere
1387 2084 1480 2115 lesen

815 2130 978 2160 immixti.
1014 2146 1059 2151 —
1086 2131 1198 2170 magis
1215 2130 1333 2169 geho'rt
1350 2140 1390 2160 zu
1408 2130 1480 2160 dem

816 2173 848 2205 in
872 2176 906 2205 in
929 2175 1037 2217 ancip.
1065 2173 1241 2214 liegenden
1264 2174 1480 2215 Adjectivhe-

816 2218 922 2260 griffe.

861 2309 960 2340 2—5.
985 2311 1019 2340 et
1035 2310 1069 2340 in
1090 2319 1143 2352 pr.
1172 2327 1218 2332 —
1246 2310 1325 2340 etin
1344 2308 1402 2348 It.‚
1422 2309 1479 2340 das

816 2355 916 2386 dritte
932 2353 1026 2385 Glied
1044 2352 1129 2393 folgt
1145 2352 1165 2395 ξ
1179 2354 1197 2384 5
1213 2354 1270 2385 mit
1283 2364 1421 2396 quoque.
1437 2372 1472 2376 —

815 2401 1034 2437 miscuerant,
1073 2399 1123 2430 als
1155 2399 1412 2439 abgeschlossen
1448 2399 1480 2430 in

816 2445 926 2485 Bezug
942 2442 1090 2486 adsuit,
1103 2444 1170 2484 vgl.
1188 2443 1241 2481 24,
1259 2443 1312 2483 43,
1330 2443 1366 2482 33
1386 2443 1428 2475 ib.
1450 2444 1480 2484 7,

817 2489 1046 2534 2.—praeter
1063 2500 1126 2533 sp„
1141 2489 1260 2529 gehb'rt
1278 2499 1319 2520 zu
1337 2491 1481 2521 retenta.

816 2553 861 2558 -—
879 2538 1000 2572 terror,
1019 2544 1044 2565 s.
1064 2544 1090 2565 c.
1108 2533 1160 2576 25,
1178 2533 1210 2565 2.
1238 2551 1283 2557 —
1306 2533 1422 2577 Capua
1439 2544 1479 2575 c.,

818 2591 846 2612 c.
866 2579 918 2618 38,
939 2580 974 2618 13
1003 2579 1031 2620 1,
1056 2578 1108 2619 34,
1126 2579 1167 2617 43
1197 2589 1270 2610 zum
1299 2578 1479 2611 Gedanken

819 2625 873 2666 27,
892 2625 946 2665 40,
963 2624 993 2655 3.
1014 2642 1053 2646 -
1075 2626 1272 2665 transmar„
1297 2623 1480 2656 Griechen-

818 2670 895 2702 land
913 2670 977 2701 und
995 2669 1096 2701 Asien
1114 2669 1197 2700 wird
1218 2679 1253 2700 so
1272 2674 1433 2710 genannt,
1452 2680 1479 2701 s.

821 2725 849 2747 c.
869 2714 922 2755 24,
941 2715 979 2755 43
999 2714 1052 2756 40,
1069 2714 1099 2757 2,
1115 2713 1150 2746 6:
1169 2716 1421 2748 transmarinae
1436 2715 1480 2747 le-

1173 2770 1213 2802 19

1514 528 1552 560 12

1512 921 1530 953 2

1511 1034 1529 1065 3

1510 1092 1530 1123 4

1510 1203 1528 1234 5
