1784 2967
53 795 94 827 10

50 1077 91 1109 15

125 197 150 214 a.
163 189 216 215 Ch.
235 188 296 214 205.

568 177 695 210 LIBER
719 177 875 211 XXVIII.
925 179 1018 212 CAP.
1045 179 1099 212 44.

1443 182 1523 222 231

123 282 192 321 has
208 281 304 320 mihi
320 293 410 333 spes
427 280 567 321 subicit
580 280 735 320 fortuna
753 280 886 331 populi
902 280 1080 328 Romani,
1103 281 1140 320 di
1159 281 1327 321 foederis
1349 281 1395 321 ab
1415 282 1529 322 hoste
1557 290 1577 323 7

123 337 253 377 violati
280 343 421 385 testes,
456 337 610 388 Syphax
637 342 674 376 et
693 337 894 379 Masinissa
915 350 1044 389 reges,
1073 351 1239 390 quorum
1267 351 1337 390 ego
1365 339 1452 378 fidei
1478 339 1528 379 ita

123 394 276 441 innitar,
298 399 341 434 ut
360 394 458 433 bene
477 398 583 433 tutus
606 406 625 432 a
647 393 806 444 perfidia
827 394 913 432 sim.
949 395 1082 442 multa,
1105 408 1202 446 quae
1221 407 1325 434 nunc
1344 408 1388 434 ex
1409 395 1528 435 inter·
1558 402 1579 435 8

122 450 220 490 vallo
241 462 323 490 non
344 454 546 502 apparent,
569 449 712 489 bellum
735 449 890 501 aperiet.
930 450 967 489 id
988 455 1048 489 est
1067 451 1137 490 viri
1157 457 1195 490 et
1215 452 1336 500 ducis,
1357 464 1437 491 non
1460 453 1528 491 de-

124 519 211 546 esse
235 507 416 546 fortunae
443 506 640 558 praebenti
669 518 710 545 se
739 511 776 545 et
803 506 927 545 oblata
958 519 1048 546 casu
1068 508 1220 547 flectere
1241 509 1287 547 ad
1309 509 1527 548 consilium.

124 562 291 612 habebo,
319 564 364 610 Q.
387 563 498 609 Fabi,
527 574 679 613 parem,
704 575 817 613 quem
841 563 926 610 daS‚
948 562 1215 612 Hannibalem3
1241 565 1310 604 sed
1331 565 1435 604 illum
1458 577 1529 616 ego
1558 572 1580 605 9

122 620 254 671 potius
270 620 436 666 traham,
460 631 574 670 quam
592 618 651 657 ille
667 631 729 657 me
746 619 925 667 retineat,
946 620 986 658 in
1003 632 1071 659 sua
1087 626 1190 659 terra
1207 633 1339 672 cogam
1357 633 1460 672 pugn
1468 633 1531 660 are

124 688 225 722 eum,
248 680 285 715 et
306 675 492 726 Carthago
511 678 640 727 potius
660 676 875 727 praemium
896 676 1079 715 victoriae
1100 677 1181 724 erit,
1209 689 1322 728 quam
1346 678 1531 717 semiruta

122 731 362 771 Bruttiorum
385 732 547 771 castella.
588 744 637 770 ne
658 732 748 783 quid
770 731 942 778 interim,
969 732 1060 771 dum
1082 734 1236 780 traicio,
1265 734 1357 773 dum
1378 746 1530 785 expono
1562 743 1603 776 10

123 788 333 827 exercitum
354 788 393 827 in
414 788 558 834 Africa,
586 789 678 827 dum
701 794 826 827 castra
846 789 892 827 ad
915 788 1183 839 Carthaginem
1206 803 1438 841 promoveo,
1467 803 1530 829 res

122 844 274 896 publica
295 844 359 883 hic
379 844 601 883 detrimenti
625 844 769 896 capiat,
795 845 898 896 quod
920 850 974 892 tu,
998 846 1042 892 Q.
1064 846 1172 894 Fabi,
1197 859 1284 886 cum
1306 847 1428 886 victor
1448 851 1530 886 tota

121 900 297 940 volitaret
312 901 416 940 Italia
433 901 633 946 Hannibal,
656 902 818 952 potuisti
834 907 1042 953 praestare,
1066 903 1142 941 hoc
1157 903 1242 941 vide
1258 915 1306 942 ne
1324 907 1528 942 contume-

120 957 265 996 liosum
288 957 338 996 sit
359 970 553 996 concusso
576 957 650 996 iam
674 963 711 996 et
731 970 853 1009 paene
871 959 994 997 fracto
1011 958 1224 998 Hannibale
1244 971 1386 1010 negare
1407 971 1528 1010 posse

120 1013 163 1052 P.
186 1013 376 1052 Licinium
399 1014 618 1060 consulem,
648 1014 773 1053 virum
795 1014 1075 1064 fortissimum,
1098 1021 1312 1066 praestare,
1334 1016 1418 1067 qui,
1439 1028 1487 1054 ne
1508 1028 1529 1054 a

122 1070 240 1109 sacris
253 1069 536 1121 absitpontifex
548 1070 752 1117 maximus,
769 1070 857 1110 ideo
875 1071 913 1109 in
931 1076 1077 1110 sortem
1096 1077 1173 1110 tam
1186 1071 1421 1123 longinquae
1433 1084 1529 1123 pro-

118 1126 263 1165 vinciae
283 1138 365 1165 non
385 1126 500 1165 venit.
537 1127 569 1165 si
590 1127 765 1166 hercules
787 1127 907 1166 nihilo
929 1127 1115 1166 maturius
1132 1128 1219 1174 hoe,
1243 1140 1320 1179 quo
1342 1140 1413 1179 ego
1436 1140 1528 1167 cen-

120 1194 200 1229 seo,
221 1183 340 1222 modo
364 1184 611 1233 perficeretur
632 1183 792 1230 bellum,
820 1189 948 1222 tamen
977 1185 1024 1222 ad
1047 1184 1270 1235 dignitatem
1292 1185 1425 1236 populi
1447 1184 1528 1223 Ro-

118 1239 223 1277 mani
250 1239 471 1290 famamque
497 1239 599 1290 apud
620 1251 729 1290 reges
752 1245 963 1291 gentesque
983 1246 1159 1280 externas
1180 1241 1416 1292 pertinebat,
1448 1251 1528 1280 non

116 1403 160 1409 —
177 1385 341 1428 disoed.,
365 1396 392 1417 s.
418 1385 472 1426 21,
499 1385 550 1425 10,
570 1386 600 1417 3.
619 1405 659 1409 —
678 1388 727 1418 ita
742 1404 787 1409 —-

117 1434 176 1472 ut,
202 1441 265 1462 nur
288 1441 324 1462 so
347 1431 427 1462 weit
450 1449 493 1454 —
516 1431 604 1462 dass.
628 1449 672 1453 —
691 1434 786 1463 tutus

115 1486 147 1507 α.
171 1486 218 1519 p„
253 1486 280 1508 s.
299 1475 352 1515 30,
383 1475 436 1516 24,
457 1476 488 1507 5.
513 1494 557 1498 —
579 1476 687 1508 multa
709 1481 785 1517 etc.,

115 1521 199 1553 wird
217 1521 305 1553 viele
319 1519 547 1562 Hiilfsquellen
567 1522 726 1553 erb'fl'nen.
741 1540 785 1544 -—

116 1568 151 1598 et
165 1584 210 1589 —
226 1566 359 1598 nonsit:
385 1567 499 1598 seinen
517 1566 640 1598 Pliinen
663 1577 784 1609 anpas-

117 1621 188 1650 sen,
207 1611 298 1642 seine
312 1611 491 1643 Absichten
511 1612 655 1643 dadurch
673 1623 713 1643 zu
729 1622 783 1643 er-

116 1656 248 1686 reichen
275 1657 408 1688 suchen.
425 1667 604 1699 ——parem
628 1667 731 1698 gegen
754 1668 781 1689 c.

117 1700 170 1741 41,
189 1699 262 1740 30,,
279 1700 347 1740 vgl.
367 1700 419 1739 24,
439 1700 468 1741 8,
486 1701 522 1739 ὃς
549 1701 602 1742 22,
621 1702 674 1740 27,
691 1702 721 1734 3.
739 1720 784 1725 —-

116 1744 189 1785 das,
204 1745 519 1787 bestimmst,willst,
531 1746 608 1777 dass
618 1746 668 1777 ich
678 1747 783 1778 haben

117 1789 193 1830 soll,
223 1800 250 1823 S.
275 1789 329 1829 23,
355 1789 384 1828 3,
409 1790 440 1822 9.
464 1809 508 1813 —
529 1793 645 1834 potius
669 1792 783 1823 wiirde

117 1835 206 1866 nicht
230 1836 313 1866 ohne
337 1835 440 1867 Harte
464 1846 522 1867 aus
548 1836 619 1867 dem
637 1836 783 1868 Vorher-

116 1880 189 1919 geh.
213 1881 428 1921 wieder-holt,
456 1882 538 1912 oder
562 1892 622 1912 nur
645 1881 785 1921 gedacht

115 1925 263 1965 werden,
293 1936 319 1956 5.
350 1925 403 1965 23,
429 1925 482 1965 113,
509 1925 569 1964 133
597 1926 664 1957 Cic.
694 1926 781 1958 Sest.

116 1969 167 2010 60,
190 1969 268 2001 128:
287 1981 384 2012 quem
402 1972 497 2002 curia
510 1973 621 2012 magis
634 1973 783 2014 requisi-

114 2016 176 2046 vit:
207 2026 302 2056 quem
322 2016 441 2056 forum
470 2016 578 2055 lasci&
611 2027 646 2047 es
678 2018 721 2048 ist
750 2017 781 2048 in

114 2070 260 2092 neuereu
285 2060 359 2092 Hss.
390 2066 583 2101 zugesetzt3
615 2072 688 2094 zum
714 2061 781 2094 Ge-

116 2104 242 2136 danken
261 2115 288 2138 s,
307 2105 360 2145 30,
380 2106 431 2143 31,
451 2106 482 2138 8.

164 2149 318 2181 10-11,
351 2150 430 2182 Rom
453 2152 537 2183 wird
560 2153 780 2184 unterdessen

116 2194 205 2225 nicht
242 2195 304 2225 den
338 2194 565 2234 geffirchteten
601 2196 780 2238 Gefahren,

117 2249 144 2270 c.
173 2238 225 2279 41,
253 2238 309 2277 133
335 2239 388 2278 42,
414 2240 464 2282 12,
487 2247 682 2282 ausgesetzt
699 2243 780 2275 sein.

114 2301 158 2306 --
174 2294 216 2314 ne
239 2284 320 2325 quid
342 2286 454 2327 capiat
475 2286 574 2325 luingt
596 2298 659 2318 von
678 2298 780 2330 prac-

114 2331 208 2360 stare
228 2339 330 2371 posse
353 2330 370 2370 ς’
392 2330 428 2360 11
449 2330 504 2362 ab:
534 2331 606 2363 vide
627 2344 669 2363 ne
693 2337 779 2365 cont.

114 2376 160 2404 sit
171 2385 300 2415 negare
309 2374 472 2406 Licinium
487 2380 666 2418 praestare
671 2389 692 2420 p
698 2389 781 2419 osse,

114 2429 156 2450 ne
171 2419 258 2460 quid,
278 2420 322 2450 ist
338 2420 418 2450 aber
435 2421 483 2451 als
503 2422 553 2452 die
573 2422 779 2463 Hnuptsnche

113 2464 451 2506 weitvorangestellt‚
467 2466 629 2506 dieganze
641 2467 779 2499 Perinde

113 2508 307 2541 kunstreich
331 2511 514 2549 gewcndet.
533 2530 575 2534 —
592 2514 624 2543 in
643 2514 779 2554 Africa,

114 2554 154 2584 da
174 2555 372 2595 (angelangt)
392 2561 565 2594 aussetze,
586 2558 706 2589 anders
725 2558 778 2597 24,

113 2598 164 2639 40,
190 2599 220 2631 9.
239 2618 283 2622 —
299 2600 473 2641 volitaret,
503 2602 571 2633 sich
606 2602 689 2634 keck
714 2603 779 2634 und

860 1386 1071 1427 iibermiithig
1094 1388 1314 1427 herumtrieb3
1341 1388 1429 1420 Plut.
1454 1387 1529 1419 Phi-

860 1431 924 1473 lop.
946 1432 1001 1463 16:
1023 1433 1275 1476 αἰωρουμένης
1295 1451 1339 1456 ——
1357 1432 1531 1476 στρατιᾶς

859 1477 945 1519 περὶ
970 1473 1033 1517 τὴν
1052 1479 1370 1521 Μεσοποταμίαν.
1388 1495 1432 1501 —
1450 1489 1529 1509 con—

857 1531 973 1561 cusso,
999 1532 1025 1553 5.
1052 1522 1106 1563 31,
1134 1523 1164 1563 7,
1186 1523 1244 1554 10:
1281 1523 1415 1555 Italiam
1438 1524 1529 1566 Pyr-

854 1566 938 1599 rhus
955 1569 1129 1599 concussit
1142 1571 1175 1600 et
1184 1586 1229 1591 —
1242 1568 1287 1600 ad
1297 1570 1416 1600 urbem
1429 1570 1529 1609 venit,

856 1612 916 1643 der
934 1611 1090 1644 Gedanke
1114 1614 1158 1645 ist
1176 1624 1216 1644 zu
1233 1624 1361 1655 negare
1377 1614 1528 1655 gestent,

857 1657 976 1697 geh‘o'rt
998 1658 1079 1689 aber
1102 1669 1143 1689 zu
1159 1669 1262 1701 posse
1275 1662 1466 1702 praestare.
1483 1678 1527 1682 -—

856 1703 1085 1744 vz'rumsort.,
1104 1714 1130 1734 5.
1150 1703 1203 1746 30,
1223 1704 1251 1735 1.
1270 1722 1314 1727 —-
1330 1715 1372 1735 ne
1389 1715 1410 1736 a
1425 1714 1527 1746 sacru,

858 1758 885 1778 c.
903 1747 958 1787 38,
978 1747 1030 1779 12.
1046 1765 1091 1770 —
1106 1748 1191 1789 ideo,
1211 1759 1273 1779 nur
1286 1749 1433 1790 deshalb,
1452 1760 1478 1780 s.
1494 1749 1526 1790 2,

860 1792 910 1832 15,
930 1791 968 1822 2:
988 1793 1079 1823 w'arc
1098 1794 1207 1824 dieses
1227 1794 1331 1833 nieht,
1355 1804 1392 1825 so
1410 1794 1526 1826 wiirde

858 1847 894 1867 er
910 1837 973 1867 wie
989 1837 1038 1868 ich
1054 1839 1134 1869 nach
1148 1836 1259 1869 Africa
1275 1839 1380 1879 gehen
1394 1839 1526 1871 konnen

856 1882 921 1913 und
950 1882 1085 1914 wollen.
1108 1901 1152 1905 —
1174 1885 1210 1914 in
1237 1887 1322 1916 sort.
1351 1895 1434 1925 ven„
1465 1895 1526 1916 zur

857 1926 1067 1968 Verloosung
1084 1927 1252 1969 kommen,
1271 1940 1297 1960 s.
1319 1929 1347 1969 1,
1367 1929 1421 1969 34,
1441 1929 1472 1961 3.

902 1972 991 2003 12—
1004 1973 1054 2005 15.
1081 1973 1140 2005 Die
1156 1974 1242 2005 Ehre
1257 1974 1356 2006 Roms
1370 1975 1525 2015 verlangt

856 2027 906 2056 es,
932 2017 1007 2048 dass
1026 2019 1085 2049 der
1102 2017 1205 2059 Iit-leg
1222 2021 1301 2051 nach
1320 2019 1433 2051 Africa
1452 2021 1524 2051 hin-

854 2062 1081 2104 iibergespielt
1098 2065 1191 2095 wird.
1212 2083 1250 2087 —-
1271 2065 1435 2105 hercules,
1453 2076 1479 2097 s.
1494 2077 1521 2097 c.

853 2107 913 2146 43,
940 2108 997 2147 163
1028 2109 1088 2139 der
1111 2110 1285 2141 Ausdruck
1315 2111 1375 2141 der
1397 2110 1522 2142 Ueher-

854 2163 1022 2193 zcugung,
1053 2155 1128 2185 dass
1159 2155 1216 2185 das
1245 2155 1287 2185 im
1317 2155 1522 2196 Hauptsatze

853 2198 1059 2237 Ausgesagte
1076 2204 1175 2230 unter
1192 2200 1251 2230 der
1263 2200 1521 2239 anzugebenden

853 2242 1043 2283 Bedingung
1063 2248 1146 2275 statt
1163 2244 1265 2275 haben
1285 2246 1414 2286 werde,
1438 2246 1522 2277 wir-d

854 2286 901 2319 oft
926 2289 955 2319 in
976 2289 1035 2319 den
1055 2287 1244 2321 Nebensatz
1263 2291 1341 2321 nach
1361 2291 1420 2321 der
1438 2290 1523 2322 Con-

848 2333 1001 2373 junction
1028 2335 1286 2374 eingeschobon,
1313 2345 1339 2366 s.
1362 2336 1391 2375 5,
1410 2335 1441 2375 4,
1464 2336 1519 2367 lO:

852 2380 884 2409 .ςί
906 2378 1075 2417 herculem
1100 2379 1152 2417 22,
1171 2380 1222 2419 50,
1244 2380 1299 2411 17:
1323 2382 1356 2411 ,ςῖ
1372 2392 1426 2411 me
1442 2381 1521 2413 (llus

849 2423 970 2464 fidius,
995 2424 1060 2463 vgl.
1080 2424 1133 2463 25,
1152 2424 1205 2463 35,
1227 2424 1283 2463 133
1311 2425 1392 2457 Sall.
1414 2425 1447 2457 C.
1467 2426 1519 2461 52,

852 2468 909 2499 35:
934 2471 967 2499 si
981 2469 1168 2501 mehercule
1184 2480 1215 2500 u.
1235 2479 1263 2501 a.
1283 2487 1326 2492 —
1343 2471 1420 2510 hoc,
1445 2482 1520 2512 quo,

852 2514 918 2551 vgl,
946 2513 999 2550 22,
1026 2514 1078 2551 39,
1103 2514 1133 2544 9.
1151 2525 1325 2546 —ccnseo
1351 2527 1380 2547 n.
1401 2517 1522 2559 perfici

849 2568 962 2600 posse.
981 2560 1181 2600 -Ιαηιαφη,
1200 2570 1226 2590 5.
1246 2560 1276 2600 5,
1296 2560 1326 2599 6,
1342 2560 1371 2591 6.
1386 2580 1424 2584 —
1440 2572 1518 2605 per-

852 2605 993 2643 tinebat,
1015 2604 1079 2635 wie
1092 2604 1247 2645 debebat,
1265 2605 1401 2638 decebat
1419 2617 1449 2638 u.
1467 2608 1516 2646 ii.;
