1784 2967
0 823 65 872 ¹10

29 1112 65 1143 15

23 1394 63 1426 20

94 217 120 236 ιι.
136 209 189 236 ch.
205 210 265 236 212.
563 200 689 234 LIBER
706 200 817 234 XXV.
851 200 941 233 CAP.
964 202 1014 235 15.

1415 204 1490 243 143

93 302 227 342 urbem
255 303 396 354 pergit,
422 303 532 354 Mago
564 315 651 343 cum
672 303 842 355 equitatu
861 308 986 342 tectus
1007 304 1166 344 collibus
1187 310 1274 356 apte
1293 305 1340 344 ad
1361 310 1493 356 tegen-

93 360 160 399 das
181 359 338 399 insidias
361 361 554 412 oppositis
577 360 765 399 subsistit.
806 359 956 399 Atinius
982 361 1153 411 peditum
1173 367 1321 401 tantum
1343 362 1494 413 agmine

93 429 162 468 per
182 416 442 468 exploratores
463 422 661 469 comperto
684 418 723 456 in
743 416 863 456 aciem
885 416 1015 468 copias
1037 418 1164 457 educit
1198 424 1235 458 et
1260 419 1406 458 fraudis
1433 419 1495 458 in-

94 473 257 513 testinae
286 479 323 513 et
348 474 521 514 hostium
546 474 773 513 insidiarum
800 473 969 524 ignarus.
1010 475 1189 524 pedestre
1210 476 1401 526 proelium
1421 476 1495 515 fuit

93 543 301 582 persegne,
331 531 461 583 paucis
492 531 531 570 in
552 532 677 582 prima
699 531 777 570 acie
798 530 1059 582 pugnantibus
1081 531 1283 579 Romanis,
1311 533 1493 572 Thurinis

93 587 380 638 expectantibus
419 588 541 639 magis
576 600 687 639 quam
716 587 981 627 adiuvantibus
1008 594 1201 636 eventum3
1235 595 1272 627 et
1298 590 1494 640 Carthagi-

93 644 286 684 niensium
317 645 414 684 acies
442 645 488 684 de
514 644 704 684 industria
730 644 868 696 pedem
896 644 1101 692 referebat,
1132 650 1172 684 ut
1191 645 1237 684 ad
1263 651 1366 697 terga
1389 647 1494 686 collis

94 701 140 740 ab
167 701 293 753 equite
323 714 394 741 suo
415 701 557 741 insessi
577 702 731 741 hostem
752 702 948 740 incautum
970 702 1227 753 pertraheret,
1254 715 1329 753 quo
1352 702 1416 741 ubi
1438 709 1494 742 est

94 763 262 805 ventum,
286 758 409 798 coorti
431 771 518 798 cum
541 759 707 798 clamore
729 758 875 810 equites
897 771 1020 810 prope
1042 759 1278 798 inconditam
1301 759 1498 798 Thurino-

93 827 180 854 rum
208 815 361 854 turbam
389 827 460 854 nec
490 816 581 855 satis
603 816 680 854 fido
703 816 854 864 animo,
879 816 981 855 unde
1003 816 1215 867 pugnabat,
1243 821 1410 855 stantem
1431 829 1496 855 ex-

93 871 238 923 templo
269 871 309 911 in
328 872 457 923 fugam
481 878 710 912 averterunt.
751 873 938 921 Romani,
961 885 1193 925 quamquam
1214 873 1496 913 circumventos

94 928 183 967 hinc
209 929 328 981 pedes
357 929 447 968 hinc
478 943 595 981 eques
616 930 794 981 urgebat,
822 935 952 969 tamen
973 930 1206 981 aliquamdiu
1227 942 1397 982 pugnam
1418 936 1498 970 tra-

93 998 191 1024 xere.
243 992 444 1037 postremo
477 992 513 1025 et
538 987 613 1038 ipsi
640 993 742 1037 terga
772 992 924 1026 vertunt
953 992 1066 1038 atque
1095 988 1141 1026 ad
1171 987 1307 1026 urbem
1333 987 1496 1038 fugiunt.

94 1042 146 1081 ibi
180 1043 400 1093 proditores
438 1044 658 1094 conglobati
695 1057 780 1083 cum
817 1044 1066 1095 popularium
1102 1056 1239 1095 agmen
1279 1044 1498 1095 patentibus

95 1100 218 1150 portis
245 1100 502 1151 accepissent,
535 1101 599 1140 ubi
623 1101 820 1140 Romanos
841 1101 951 1139 fusos
974 1101 1021 1139 ad
1040 1100 1177 1139 urbem
1198 1101 1291 1139 ferri
1311 1101 1498 1148 viderunt,

95 1156 334 1195 conclamant
359 1157 502 1196 instare
529 1158 722 1204 Poenum,
751 1157 1040 1208 permixtosque
1070 1162 1107 1196 et
1136 1157 1259 1196 hostis
1280 1157 1417 1196 urbem
1437 1158 1498 1196 in—

94 1225 267 1260 vasuros,
289 1213 329 1252 ni
350 1226 514 1265 propere
535 1220 667 1265 portas
689 1214 876 1253 claudant.
911 1214 962 1253 ita
978 1214 1154 1253 exclusos
1171 1214 1369 1254 Romanos
1386 1228 1497 1266 prae-

95 1269 214 1309 buere
234 1269 336 1308 hosti
357 1270 404 1308 ad
425 1271 600 1316 caedem,
623 1271 774 1310 Atinius
796 1276 924 1310 tamen
948 1283 1033 1310 cum
1056 1272 1188 1322 paucis
1210 1277 1400 1323 receptus.
1436 1285 1495 1311 se-

95 1326 186 1365 ditio
222 1326 310 1365 inde
344 1327 542 1379 paulisper
575 1328 713 1375 tenuit,
755 1340 840 1367 cuin
877 1327 916 1366 in
953 1328 1027 1367 fide
1062 1328 1132 1367 aliz·
1166 1329 1400 1368 manendum
1439 1329 1498 1368 alii

97 1383 308 1422 cedendum
344 1384 524 1423 fortunae
561 1389 598 1424 et
627 1385 852 1424 tradendam
880 1385 1017 1424 urbem
1044 1386 1253 1425 victoribus
1282 1391 1498 1425 censerent.

94 1445 277 1486 ceterum,
300 1445 343 1479 ut
363 1441 600 1493 plerumque,
622 1442 777 1481 fortuna
799 1447 835 1481 et
857 1442 1016 1481 consilia
1039 1443 1135 1482 mala
1155 1443 1347 1482 vicerunt:
1370 1442 1498 1481 Atinio

96 1509 181 1536 cum
204 1497 285 1536 suis
307 1497 353 1537 ad
376 1511 482 1538 mare
500 1511 543 1538 ac
558 1511 674 1538 naves
692 1499 869 1546 deducto,
892 1499 1013 1550 magis
1032 1501 1119 1551 quia
1136 1500 1210 1551 ipsi
1228 1499 1277 1539 ob
1295 1499 1499 1551 imperium

140 1598 282 1631 10—12.
307 1602 385 1643 apte
400 1599 445 1632 ad
461 1603 500 1638 t.,
527 1611 553 1632 s.
573 1600 634 1640 22,
658 1601 694 1642 4,
720 1600 756 1640 33

880 1601 1030 1633 13—15.
1065 1612 1173 1645 prope
1200 1601 1348 1642 immed,
1383 1602 1422 1633 da
1451 1602 1500 1633 sie

93 1644 229 1676 tumulis
246 1648 322 1688 apte
340 1648 549 1687 tege7ztz'bus;
567 1646 626 1688 29,
645 1646 697 1685 34,
717 1647 756 1685 9;

832 1648 912 1678 noch
932 1648 1022 1679 nicht
1045 1657 1154 1688 genug
1177 1647 1332 1687 eingeiibt
1350 1648 1409 1687 ist,
1434 1647 1499 1687 vgl.

93 1692 283 1731 teg-entibus
307 1691 463 1732 tumulis,
494 1693 550 1734 qui
570 1702 758 1735 peroppor-

92 1737 267 1767 tune-circa
279 1737 479 1779 viaesteoezcs
494 1739 639 1780 oppositi
650 1740 758 1777 erant,

93 1780 132 1811 ib.
152 1778 172 1821 ξ
194 1780 251 1818 133
276 1781 344 1821 vgl.
363 1781 423 1821 28,
448 1781 486 1822 2,
512 1783 544 1813 1:
572 1784 673 1814 obsiti
693 1785 759 1814 vir-

89 1825 198 1867 gulte's
217 1828 374 1867 tegebant
390 1827 506 1866 coIles;
526 1826 566 1858 ib.
585 1826 633 1867 13,
649 1828 683 1858 6:
705 1831 757 1860 ta-

92 1869 219 1902 mzdmn
239 1874 428 1914 opportune
444 1872 488 1903 ad
504 1872 540 1904 id
554 1875 701 1915 positum
728 1884 758 1904 u.

92 1926 140 1955 a.;
159 1916 238 1947 doch
255 1917 298 1948 ist
311 1927 350 1948 an
364 1928 395 1948 u.
413 1917 460 1949 St.
477 1918 528 1949 die
541 1917 661 1950 Lesart
673 1919 762 1950 nicht

94 1961 216 2002 sicher,
246 1962 309 1993 und
340 1963 391 1994 die
415 1962 762 2004 Zusammenstellung

94 2009 200 2038 tectus
213 2007 431 2049 —tegendas
449 2009 602 2048 stoi-end3
624 2019 658 2040 es
677 2010 760 2040 wird

93 2051 246 2084 celandas
269 2054 474 2093 vermuthet‚
504 2054 596 2086 viell.
621 2054 691 2086 coll.
716 2054 763 2086 ad

93 2096 277 2139 abdendas,
297 2109 334 2130 so
352 2099 429 2130 dass
453 2099 505 2130 bei
522 2099 619 2132 insz'd.
642 2110 681 2131 an
708 2100 759 2132 die

95 2141 248 2185 Truppen
274 2154 315 2175 zu
337 2144 465 2176 denken
489 2144 549 2185 ist,
575 2155 600 2176 s.
620 2145 679 2185 45,
706 2146 758 2187 39,

96 2188 131 2218 5:
158 2199 301 2229 quonam
323 2189 488 2222 abdentur·
510 2190 567 2222 illa
592 2193 642 2222 tot
663 2191 759 2223 milla

94 2232 285 2271 lzomz'num‚·
303 2234 338 2274 9,
359 2234 393 2275 7,
416 2234 471 2274 11;
490 2236 556 2276 vgl.
578 2236 629 2277 10,
649 2236 679 2275 4,
701 2237 756 2268 10:

94 2277 245 2311 conditas
261 2279 415 2311 insidias.
433 2298 477 2303 —
493 2281 642 2313 hostium
659 2282 757 2314 insz'd.

94 2323 241 2355 iihnliche
294 2324 680 2367 Zusainmenstellungen
733 2338 759 2359 s,

94 2367 197 2411 praef.
216 2368 253 2408 33
278 2369 335 2411 22,
361 2370 418 2411 45,
443 2370 480 2409 53
504 2370 546 2403 ib.
564 2372 624 2412 49,
644 2372 660 2403 7
679 2383 711 2404 u.
728 2383 757 2405 a.

94 2432 138 2437 —
153 2416 282 2458 paucis,
301 2426 376 2446 nur
395 2416 536 2456 wenige,
556 2427 582 2448 s.
601 2416 637 2457 9,
657 2417 707 2459 42,
728 2417 758 2450 6.

94 2477 138 2482 —
155 2463 308 2492 eventum
325 2462 444 2501 geho'rt
460 2462 540 2493 auch
561 2473 600 2494 zu
622 2462 761 2495 adiuva-

96 2515 142 2536 re.
161 2523 204 2528 —
222 2508 336 2548 terga,
362 2507 425 2538 wie
450 2505 497 2538 oft
514 2506 759 2550 Hb‘rpertheile:

96 2549 250 2591 dorsum,
276 2553 472 2595 supercilia,
497 2556 631 2594 vernem,
656 2563 760 2586 cornu

95 2605 127 2626 u.
145 2605 174 2627 a.
194 2607 255 2627 zur
272 2596 501 2639 Bezeichnung
518 2608 579 2630 von
595 2598 760 2631 Localitii-

96 2645 151 2672 ten
160 2641 340 2682 gebraucht
354 2644 498 2685 werden,
510 2644 575 2684 vgl.
585 2644 639 2686 34,
650 2645 720 2685 29,1
731 2646 743 2677 1
753 2670 760 2677 .

831 1704 858 1723 c.
881 1692 936 1732 13,
959 1692 1014 1730 1ος
1034 1692 1092 1733 30,
1115 1693 1170 1731 11,
1190 1693 1223 1724 5:
1248 1694 1399 1725 exercitu
1415 1703 1499 1724 noro

831 1740 864 1769 et
880 1738 1071 1775 ineondc'to‚·
1089 1739 1146 1769 das
1165 1739 1319 1770 handsch.
1341 1748 1497 1782 propere,

831 1783 861 1814 in
882 1783 964 1820 Eile,
984 1783 1097 1814 wiirde
1117 1783 1205 1814 nicht
1222 1793 1360 1825 passeri,
1380 1783 1499 1814 beson-

832 1829 909 1859 ders
927 1829 965 1859 da
983 1829 1062 1859 auch
1088 1829 1255 1871 eac-templo
1279 1827 1378 1871 folgt,
1405 1839 1499 1860 wenn

834 1874 992 1904 sichauch
1002 1873 1502 1916 Verbindungen,wiesimul—

833 1919 1012 1962 eoetemplo,
1039 1918 1091 1958 23,
1117 1918 1169 1959 29,
1201 1918 1257 1958 13;
1291 1922 1330 1951 ut
1354 1923 1502 1963 primum

832 1965 949 1996 statim
980 1964 1045 1995 Cic.
1076 1964 1175 1996 Verr.
1201 1964 1238 2006 4,
1262 1964 1323 2005 36,
1347 1965 1389 1996 54
1413 1976 1443 1997 u.
1469 1975 1498 1996 a.

834 2010 954 2041 finden.
987 2010 1075 2042 unde
1089 2021 1141 2054 p.,
1159 2009 1220 2050 24,
1239 2010 1296 2049 45,
1317 2010 1347 2043 3.
1367 2030 1409 2034 —
1426 2021 1502 2043 cum

832 2073 875 2078 —
892 2056 959 2095 ubi,
978 2055 1045 2096 vgl.
1065 2055 1092 2097 7,
1111 2054 1164 2094 23,
1183 2056 1213 2087 6.

882 2100 1022 2132 16-18.
1047 2101 1124 2143 inf.
1144 2111 1174 2132 a.
1201 2111 1262 2143 m.,
1284 2101 1344 2133 der
1362 2100 1501 2134 Zusam—

833 2147 994 2187 inenhang
1011 2146 1110 2187 zeigt,
1128 2147 1205 2178 dass
1223 2147 1283 2178 der
1299 2147 1357 2179 aliz·
1372 2167 1414 2170 —
1439 2157 1501 2179 m·-

833 2193 905 2223 bem
927 2202 957 2223 ν.
983 2193 1246 2234 entsprechende
1270 2192 1349 2224 Satz
1379 2203 1501 2232 ausge-

831 2235 932 2268 fallen
956 2237 1015 2279 ist,
1041 2238 1092 2269 die
1117 2237 1318 2278 Erg‘anzung
1341 2239 1385 2270 ist
1406 2237 1501 2268 unsi-

833 2283 918 2323 cher,
937 2283 978 2314 da
995 2283 1052 2314 das
1068 2283 1136 2314 hds.
1155 2283 1234 2315 inde
1250 2284 1331 2314 auch
1349 2293 1409 2314 aus
1429 2283 1500 2314 dem

832 2326 1132 2368 Vorhergehenden
1150 2328 1347 2360 wiederholt
1360 2328 1425 2359 und
1440 2339 1501 2359 nur

832 2373 891 2404 aliz·
905 2373 1064 2406 tuendam
1081 2375 1199 2406 urbem
1218 2374 1311 2412 (oder
1319 2373 1429 2416 fidem
1447 2374 1500 2405 od.

833 2419 875 2459 ii.)
895 2416 1003 2450 fehlen
1024 2420 1120 2451 kann.
1137 2438 1180 2442 —
1194 2420 1363 2461 fortuna,
1395 2423 1499 2451 etwas

832 2464 952 2495 anders
971 2465 1020 2496 als
1039 2465 1120 2496 kurz
1144 2465 1281 2496 vorher:
1307 2464 1364 2495 das
1389 2464 1498 2496 blinde

834 2509 1009 2551 Gesehick,
1020 2511 1162 2542 welches
1176 2510 1257 2541 auch
1272 2510 1328 2540 das
1345 2510 1501 2541 Schlech-

833 2559 865 2586 te
884 2556 1106 2593 unterstiitzt‚
1131 2566 1157 2586 s.
1176 2555 1213 2595 4,
1232 2554 1289 2593 37,
1309 2554 1345 2593 ὅς
1374 2554 1427 2597 10,
1446 2554 1500 2595 36,

834 2600 853 2631 9
871 2612 902 2632 ιι.
920 2611 949 2633 a.
966 2620 1010 2624 —-
1026 2602 1141 2632 Atinio
1160 2600 1222 2630 wie
1241 2599 1302 2639 24,
1329 2599 1361 2640 1,
1387 2600 1424 2639 9;
1446 2599 1500 2640 34,

834 2646 888 2687 40,
905 2647 934 2678 7.
953 2664 995 2669 -—
1011 2646 1057 2678 ad
1070 2656 1165 2677 mare
1181 2656 1212 2678 α.
1226 2656 1269 2687 η.,
1286 2655 1311 2677 s.
1328 2645 1381 2685 22,
1400 2646 1451 2688 19,
1469 2647 1500 2678 7.

1526 373 1560 405 11

1528 711 1565 742 13

1529 882 1569 914 14

1531 1055 1568 1086 15

1531 1285 1569 1316 10

1531 1449 1568 1480 17
