1784 2967
24 877 65 910 10

22 1158 62 1190 15

93 271 260 298 a.ch.2o5.
542 263 669 295 LIBER
694 261 850 295 XXVIII.
898 262 990 296 CAP.
1017 264 1070 296 41.

1415 265 1492 303 221

92 365 210 404 aliena
232 364 286 404 ire
308 370 597 416 oppugnatum3
623 378 697 417 pax
717 369 805 404 ante
826 365 864 403 in
885 365 990 404 Italia
1012 378 1126 417 quam
1148 365 1288 405 bellum
1312 365 1351 405 in
1372 366 1498 406 Africa

93 422 161 468 sit,
191 425 229 460 et
257 421 371 460 nohis
394 422 501 473 prius
523 423 684 461 decedat
702 422 840 468 timor,
863 433 976 472 quam
998 423 1099 461 ultro
1123 422 1204 461 aliis
1226 423 1425 462 inferatur.
1467 423 1499 462 si

91 483 298 528 utrumque
319 483 386 517 tuo
409 479 524 518 ductu
547 478 795 529 auspicioque
816 478 896 516 fieri
918 483 1065 529 potest,
1087 479 1296 518 Hannibale
1317 479 1379 518 hic
1399 479 1498 519 victo

91 534 165 573 illic
185 534 452 585 Carthaginem
475 546 668 585 expugna3
691 534 722 573 si
739 535 852 573 altera
869 539 953 573 utra
971 534 1128 574 victoria
1145 536 1256 575 novis
1274 536 1498 575 consulibus

91 591 340 641 relinquenda
368 596 444 637 est,
472 591 580 642 prior
607 603 693 630 cum
722 591 846 630 maior
874 591 1105 642 clariorque,
1132 596 1214 630 tum
1243 605 1355 632 causa
1385 593 1497 631 etiam

90 647 330 698 insequentis
358 648 484 686 fuerit.
529 659 618 686 nam
647 659 751 686 nunc
779 648 953 699 quidem,
986 653 1253 699 praeterquam
1278 649 1381 699 quod
1403 649 1498 688 etin

89 703 195 742 Italia
229 709 265 742 et
298 703 336 742 in
364 703 490 742 Africa
526 704 626 742 duos
656 705 830 743 diversos
858 704 1045 743 exereitus
1073 704 1172 743 alere
1199 705 1390 744 aerarium
1418 717 1499 744 non

90 765 237 811 potest,
258 764 526 811 praeterquam
549 761 666 811 quod,
687 761 789 799 unde
810 761 952 799 classes
969 767 1159 807 tueamur,
1181 762 1282 800 unde
1302 774 1498 801 commea-

90 815 192 855 tibus
231 816 471 856 sufficiamus
512 817 763 867 praebendis,
797 818 890 856 nihil
931 817 1065 868 reliqui
1101 823 1178 864 est,
1215 819 1303 869 quid
1339 819 1498 870 periculi

89 873 243 911 tandem
273 877 458 924 quantum
488 874 664 920 adeatur,
694 887 808 924 quem
836 872 957 912 fallit?
990 874 1030 912 P.
1054 874 1221 913 Licinius
1245 875 1282 913 in
1305 875 1426 922 Italia,
1455 875 1497 914 P.

91 929 221 979 Scipio
244 929 383 968 bellum
407 930 445 968 in
467 930 593 968 Africa
616 936 739 980 geret:
762 929 883 981 quid?
905 930 937 969 si
953 954 1008 957 —
1026 931 1129 981 quod
1153 943 1289 970 omnes
1307 931 1367 970 dei
1384 943 1498 970 omen

89 990 262 1025 avertant
289 991 326 1024 et
347 986 472 1024 (licere
492 986 605 1024 etiam
628 987 854 1026 reformidat
874 987 1046 1031 animus,
1070 987 1136 1025 sed
1160 999 1258 1038 quae
1278 987 1499 1026 acciderunt

90 1042 260 1080 accidere
282 1048 450 1093 possunt
471 1066 524 1070 —
546 1048 582 1081 et
604 1043 724 1082 vietor
744 1043 932 1082 Hannibal
954 1045 1009 1081 ire
1030 1043 1075 1081 ad
1092 1044 1228 1082 urbem
1245 1048 1392 1094 perget,
1414 1049 1495 1082 tuni

90 1098 246 1137 demum
267 1103 304 1137 te
325 1099 523 1137 consulem
546 1112 591 1138 ex
612 1100 755 1146 Africa,
783 1100 882 1139 sicut
903 1101 946 1147 Q.
969 1099 1144 1138 Fulvium
1166 1112 1185 1138 a
1209 1099 1348 1151 Capua,
1369 1112 1497 1139 arces—

92 1153 254 1194 semus‘?
278 1154 399 1205 quid?
422 1156 523 1206 quod
546 1156 584 1194 in
606 1156 730 1195 Africa
753 1169 906 1208 quoque
926 1157 1026 1195 Mars
1048 1156 1267 1195 eommunis
1288 1157 1375 1195 helli
1396 1155 1496 1196 erit‘?

90 1290 158 1321 sich
188 1299 293 1329 genau
322 1300 513 1329 genonnnen
538 1302 600 1321 nur
623 1289 681 1322 auf
694 1292 755 1322 den

89 1335 393 1374 untergeordneten
425 1336 504 1366 Satz
530 1338 589 1367 tua
617 1346 642 1367 e.
673 1336 757 1377 def„

90 1384 173 1411 statt
198 1380 316 1411 dassen
346 1390 418 1411 ulan
443 1385 609 1411 erwarten
640 1381 756 1412 sollte:

90 1426 191 1456 eiiam
213 1428 340 1456 natura
361 1426 459 1469 prius
481 1428 531 1457 est
556 1429 614 1457 tua
642 1426 759 1467 desen-

91 1469 171 1501 dere
200 1470 274 1509 (wie
294 1470 334 1501 iin
364 1470 576 1513 Folg.'pr1'us
593 1471 756 1511 decedat),

91 1518 173 1554 tum,
192 1525 267 1546 cum
285 1515 496 1556 defenderis,
514 1517 566 1547 ire
582 1516 659 1547 lieet
675 1521 757 1554 εἴας

89 1560 188 1591 allein
204 1560 297 1591 beide
307 1562 406 1592 Satze
422 1562 491 1592 sind
508 1562 757 1592 versclnnolzen

89 1606 154 1636 und
173 1602 209 1636 so
225 1607 324 1648 prius
341 1607 422 1637 auch
440 1605 498 1637 auf
511 1609 561 1638 ire
582 1617 760 1650 oppugna-

91 1650 331 1691 tumbezogen.
347 1670 387 1674 —
403 1653 433 1683 .ςί
444 1654 604 1694 utrumq„
620 1654 758 1683 weitere

91 1693 306 1735 Ausfiihrung
327 1707 390 1727 von
412 1707 486 1728 cum
514 1715 559 1719 -—
582 1707 760 1740 oppugna-

93 1742 178 1780 tum,
214 1741 277 1771 und
296 1740 514 1781 Anwenglung
531 1740 589 1772 auf
603 1743 664 1773 (len
682 1753 758 1773 vor-

90 1785 263 1825 liegenden
278 1784 364 1816 Fall.
380 1804 423 1808 —-
436 1788 474 1827 si,
490 1796 584 1816 wenn
599 1787 758 1827 dagegen,

93 1840 117 1861 s.
138 1831 190 1869 29,
211 1830 262 1867 20,
282 1829 312 1861 8.
331 1849 374 1852 -
392 1830 500 1862 altera
518 1834 607 1871 utra,
631 1842 658 1862 s.
677 1831 706 1870 8,
728 1832 759 1871 5,

92 1876 122 1906 6.
140 1893 183 1897 ——
199 1877 296 1918 prior
314 1881 392 1907 ete:
411 1877 453 1906 du
471 1877 566 1907 wirst
579 1877 661 1907 dann
679 1877 759 1907 doch

91 1920 121 1951 in
160 1920 338 1952 Wuhrlioit
370 1922 430 1951 den
464 1921 568 1952 Rulnn
601 1922 759 1961 erlangen

91 1966 152 1997 den
173 1964 274 2005 Hrieg
288 1965 443 2006 beendigt
456 1977 495 1997 zu
512 1967 625 1998 haben.
640 1968 759 2008 -——szc-

92 2012 175 2050 erit,
208 2021 245 2041 er
269 2011 351 2042 wird
375 2012 416 2049 (in
436 2012 546 2042 seiner
563 2011 678 2051 Folge)
700 2012 760 2044 Ur-

92 2056 189 2087 saehe
223 2056 313 2096 sein,
355 2057 404 2087 als
440 2056 584 2088 Ursache
618 2057 760 2088 erkannt

90 2101 236 2143 werden,
255 2102 321 2141 vgl.
341 2112 366 2132 c.
388 2101 440 2139 35,
460 2102 491 2133 9.

141 2145 681 2188 11—13.gehtauf§12u1·iiek:
702 2148 759 2178 das

93 2190 293 2221 Siaatswohl
318 2190 462 2231 fordert,
493 2193 567 2223 dass
587 2193 628 2223 du
647 2193 676 2224 in
695 2191 760 2224 Itass

93 2235 157 2265 lien
177 2235 309 2267 bleibst.
327 2255 368 2258 —
387 2247 464 2267 nam
484 2237 664 2278 elliptiscli:
698 2238 760 2268 wir

93 2278 208 2310 diirfen
228 2281 288 2311 den
304 2279 405 2320 lirieg
423 2281 453 2312 in
468 2280 579 2313 Africa
598 2283 686 2314 nicht
704 2283 760 2314 be-

92 2326 223 2365 ginnen,
243 2326 325 2356 denn
342 2336 373 2356 u.
388 2336 413 2356 s.
430 2336 470 2357 w.
486 2345 529 2349 —
542 2338 640 2367 nune,
660 2328 762 2359 bevor

94 2370 254 2401 Hannibal
269 2371 459 2401 vertrieben
476 2372 529 2402 ist.
546 2372 760 2414 —cln-ersos,

93 2416 123 2446 in
144 2416 223 2446 weit
240 2416 462 2447 auseinander
485 2416 654 2456 liegenden
674 2418 760 2448 Liin-

93 2461 186 2491 dorn.
204 2479 248 2482 —
267 2463 433 2501 tueamur,
459 2460 512 2501 23,
537 2461 590 2501 38,
612 2462 669 2501 123
704 2462 758 2503 34,

94 2504 125 2543 6,
149 2505 198 2536 12.
218 2524 261 2527 —
286 2506 365 2547 quid
384 2508 486 2548 peric.
509 2511 571 2537 eto.
590 2506 661 2546 ffigt
679 2508 760 2538 stei-

94 2551 196 2589 gernd
221 2561 261 2581 an
286 2554 525 2594 praeloerqumn
546 2552 646 2593 qnod,
681 2553 762 2583 wel-

93 2596 170 2626 ches
190 2600 284 2627 sonst
307 2607 368 2627 nur
392 2597 538 2636 weniger
555 2597 760 2629 bedeutende

94 2639 218 2671 Facta
246 2642 461 2681 wichtigeren
485 2642 676 2681 gegeniiber
693 2643 762 2674 ein-

93 2682 198 2725 fiihrt,
233 2687 327 2718 einen
356 2687 569 2727 wiclitigcren
589 2688 762 2727 gedaeh-

832 1296 899 1323 ten
929 1290 1041 1322 Grund
1072 1300 1131 1329 ant,
1167 1292 1323 1323 wzihreud
1356 1292 1422 1323 sicli
1457 1293 1498 1324 im

830 1336 1074 1376 Vordersatze,
1105 1346 1199 1367 wenn
1224 1337 1289 1368 alle
1308 1337 1377 1368 drei
1396 1337 1497 1369 Siitze

829 1381 932 1412 ilii-eni
956 1380 1081 1412 lnhalte
1107 1382 1185 1412 nach
1209 1382 1258 1413 als
1282 1383 1422 1422 gedaeht
1440 1382 1499 1413 be-

831 1427 975 1458 trachtet
992 1427 1138 1465 wiirden,
1157 1427 1238 1457 elier
1250 1429 1289 1465 si,
1310 1428 1390 1458 oder
1403 1438 1499 1458 wenn

830 1472 878 1503 sie
898 1471 1066 1502 wirkliche
1082 1471 1274 1511 Ereignisse
1289 1473 1499 1511 darstellten,

830 1517 871 1547 i1n
896 1516 1085 1547 Nachsatze
1109 1518 1210 1548 eliam
1240 1518 1319 1548 nach
1341 1521 1499 1560 praeter-

831 1572 933 1603 quam.
952 1566 1118 1592 erwarten
1144 1562 1263 1602 liesse3
1299 1573 1325 1593 s.
1346 1562 1499 1594 ivit-liert

830 1608 887 1638 lat.
920 1607 1077 1637 Stillehre
1108 1607 1140 1638 S.
1171 1608 1246 1638 2uo.
1294 1608 1391 1639 Beide
1411 1607 1498 1639 Ver-

831 1652 992 1683 h'ziltnisse
1003 1653 1074 1683 sind
1085 1652 1272 1693 vermiseht,
1287 1653 1327 1684 da
1336 1653 1387 1684 die
1397 1654 1499 1684 wirk-

830 1698 914 1728 liche
931 1697 1017 1736 Lago
1031 1698 1089 1728 des
1105 1697 1237 1729 Staates
1256 1698 1286 1728 in
1306 1699 1366 1729 den
1387 1703 1499 1730 ersten

832 1742 990 1774 Gliedern
1024 1743 1295 1782 hervorgehoben
1329 1744 1428 1784 wird,
1467 1744 1499 1774 in

833 1788 903 1817 deni
931 1788 1054 1818 letzten
1087 1788 1138 1818 die
1163 1787 1330 1818 Annahnie
1355 1789 1414 1819 der
1433 1787 1499 1819 Ge-

833 1830 921 1869 fahr,
946 1832 997 1862 die
1015 1836 1087 1862 erst
1104 1833 1249 1873 eintritt,
1277 1843 1370 1863 wenn
1390 1833 1499 1874 Scipio

834 1877 948 1908 seinen
975 1875 1054 1907 Plan
1083 1875 1262 1907 ausfiiliren
1293 1878 1387 1909 wird.
1435 1877 1501 1909 Der

833 1922 933 1952 durch
952 1921 1030 1963 qm'd
1045 1922 1144 1952 sehon
1160 1922 1318 1953 markirte
1334 1922 1500 1964 Hauptbe-

833 1966 1194 2009 grill'perieuliistnoch
1204 1968 1388 2008 gesteigert
1398 1969 1498 1999 durch

835 2012 979 2053 tandem,
998 2023 1023 2043 s.
1040 2011 1106 2043 Cic.
1124 2012 1203 2043 Tus.
1222 2012 1249 2052 1,
1269 2013 1322 2052 25,
1341 2013 1398 2045 61:
1423 2012 1503 2055 quid

831 2057 887 2088 illa
915 2059 963 2088 vis
993 2068 1075 2098 quae
1103 2057 1236 2089 tandem
1266 2060 1316 2089 est
1342 2069 1372 2089 u.
1403 2068 1431 2089 a.
1457 2076 1501 2081 —

832 2102 931 2144 quid?
964 2104 996 2133 .ςί
1023 2103 1098 2133 liebt
1127 2103 1187 2133 den
1221 2113 1500 2143 angenommenen

832 2147 907 2179 Fall
924 2148 972 2178 als
991 2152 1095 2178 etwas
1115 2148 1295 2179 besonders
1318 2160 1358 2179 zu
1377 2149 1499 2180 Beach-

833 2193 950 2224 tendes
975 2193 1107 2224 hervor.
1125 2211 1169 2215 —
1187 2193 1408 2233 reformidat,
1434 2194 1500 2233 vgl.

834 2249 861 2269 c.
881 2238 934 2276 29,
949 2238 979 2268 4.
999 2255 1042 2259 -
1060 2241 1092 2268 et
1109 2248 1170 2269 vor
1186 2239 1293 2270 vietor
1310 2239 1346 2269 H.
1366 2239 1499 2270 verbin-

833 2283 890 2314 det
907 2284 967 2313 (len
987 2283 1065 2313 Satz
1084 2283 1140 2314 init
1158 2284 1228 2313 deni
1248 2284 1327 2314 nach
1342 2286 1500 2315 sz'unter—

834 2328 1014 2365 driickten,
1048 2328 1127 2358 aher
1144 2328 1174 2358 in
1194 2328 1283 2370 quod
1297 2346 1340 2351 —
1355 2333 1502 2372 possunt

834 2374 897 2405 und
918 2373 1017 2404 durch
1045 2374 1151 2404 vietor·
1175 2374 1416 2413 angedeuteten
1436 2374 1502 2405 Ge-

835 2418 980 2449 danken:
1015 2428 1109 2448 wenn
1135 2418 1278 2449 Licinius
1302 2419 1360 2450 mit
1377 2420 1500 2451 seineln

833 2464 940 2495 Heere
958 2462 1153 2503 gesehla'gen
1173 2464 1241 2494 sein
1260 2464 1354 2495 wird.

882 2553 1033 2584 14—17.
1066 2553 1164 2595 quid?
1202 2554 1291 2595 quod
1322 2559 1385 2585 etc.
1418 2555 1499 2586 auch

834 2598 942 2639 Scipio
971 2598 1055 2629 kann
1086 2599 1116 2629 in
1150 2599 1221 2629 deni
1244 2598 1359 2630 fernen
1389 2599 1500 2631 Laude

833 2644 1031 2682 gesehlugen
1056 2644 1206 2684 werden,
1241 2645 1303 2675 wie
1331 2645 1411 2676 nahe
1436 2645 1500 2676 und

832 2687 944 2719 ferner
962 2689 1110 2728 liegende
1131 2689 1291 2731 Beispiele
1310 2690 1437 2731 zeigen.
1457 2709 1501 2713 -—

1530 428 1570 461 10

1529 655 1568 688 11

1530 766 1570 798 12

1530 936 1568 968 13

1529 1162 1570 1195 14
