1784 2967
0 883 89 924 ‚10

48 1162 87 1194 15

112 279 138 300 a.
155 273 208 300 ch.
223 274 284 300 206.

516 264 641 297 LIBER
666 263 821 297 XXVIII.
871 264 963 297 CAP.
989 265 1043 298 22.
1063 267 1117 299 23.

1438 268 1516 306 177

112 380 242 420 pugna
269 368 353 408 fuit.
400 369 527 419 itaque
548 367 683 418 pulsus
705 379 842 417 eques,
871 367 935 418 qui
957 368 1106 419 primus
1129 381 1171 407 se
1191 368 1297 407 hosti
1318 368 1519 417 obtulerat,

113 429 302 463 terrorem
336 425 462 464 intulit
494 424 564 464 levi
600 428 832 469 armaturae,
870 430 1163 476 pugnatumque
1198 425 1271 464 sub
1303 425 1390 476 ipso
1422 425 1517 464 vallo

112 481 227 528 foret,
250 482 290 520 ni
311 482 430 520 robur
449 481 641 531 legionum
660 479 867 530 perexiguo
890 482 934 519 ad
953 481 1222 520 instruendum
1239 482 1327 520 dato
1344 486 1521 532 tempore

116 537 234 576 aciem
264 538 486 578 derexisset.
533 536 583 575 ibi
612 548 768 586 quoque
794 537 1026 587 trepidatum
1057 550 1269 588 parumper
1290 538 1389 577 circa
1411 539 1519 588 signa

116 598 192 640 est,
224 607 311 633 cum
335 594 433 633 caeci
454 594 586 632 furore
607 593 646 631 in
667 593 821 631 vulnera
842 605 886 631 ac
906 593 1052 632 ferrum
1075 594 1230 633 vecordi
1254 594 1409 633 audacia
1429 607 1518 633 rue-

115 655 220 697 rent3
252 650 337 688 dein
368 656 475 689 vetus
507 649 633 696 miles,
665 649 849 688 adversus
880 651 1106 689 temerarios
1135 651 1301 701 impetus
1330 651 1520 701 pertinax,

116 707 228 745 caede
263 707 481 757 primorum
516 706 756 756 insequentis
793 707 1021 757 suppressit.

1078 713 1239 746 conatus
1276 707 1390 758 paulo
1428 712 1520 758 post

115 763 216 801 ultro
246 763 388 801 inferre
417 762 573 813 pedem,
607 768 650 800 ut
675 763 869 801 neminem
893 764 1024 801 cedere
1045 769 1157 814 atque
1180 763 1399 802 obstinatos
1422 763 1522 802 mori

115 819 153 857 in
176 819 334 869 vestigio
357 832 548 870 quemque
569 831 640 857 suo
662 819 766 864 vidit,
789 820 973 870 patefacta
995 820 1087 865 acie,
1107 821 1210 871 quod
1227 825 1269 858 ut
1284 820 1407 858 facere
1426 832 1519 870 pos-

118 880 187 922 set,
220 876 426 915 multitudo
459 881 696 914 armatorum
727 876 834 914 facile
864 876 1149 927 suppeditabat,
1181 889 1325 915 cornua
1348 876 1520 914 hostium

115 932 332 983 amplexus,
360 933 398 971 in
428 932 560 970 orbem
590 932 796 982 pugnantis
829 933 882 970 ad*
898 945 1017 971 unum
1048 934 1174 971 onmis
1204 933 1354 971 occidit.
1394 932 1517 982 Atque
1546 934 1600 974 23

114 988 208 1026 haec
234 994 363 1027 tamen
390 989 562 1027 hostium
592 989 778 1026 iratorum
808 1001 851 1026 ac
876 994 957 1027 tum
988 990 1154 1027 maxime
1176 988 1441 1027 dimicantium
1463 990 1522 1026 vis

116 1051 149 1083 et
168 1046 328 1096 impetus
348 1047 388 1083 in
410 1052 582 1083 armatos
605 1045 888 1095 pugnantisque
909 1045 1091 1091 edebant,
1112 1045 1264 1083 foedior
1284 1045 1354 1083 alia
1372 1044 1410 1082 in
1428 1044 1523 1082 urbe
1552 1052 1572 1085 2

116 1101 319 1140 trucidatio
348 1107 445 1143 erat,
475 1114 561 1139 cum
594 1101 744 1139 turbam
774 1101 1004 1140 feminarum
1033 1114 1323 1152 puerorumque
1344 1101 1523 1140 inbellem

120 1157 381 1209 inermemque
405 1158 504 1196 cives
527 1157 585 1195 sui
609 1158 825 1202 caederent,
854 1163 891 1196 et
911 1158 948 1196 in
972 1170 1203 1197 succensum
1221 1170 1359 1208 rogum
1384 1157 1525 1195 semia-

117 1214 221 1252 nima
257 1215 436 1264 pleraque
471 1214 654 1252 inicerent
691 1226 873 1264 corpora,
910 1214 1057 1264 rivique
1093 1214 1291 1265 sanguinis
1327 1214 1525 1252 flammam

118 1270 305 1308 orientem
329 1271 632 1319 restinguerent:
655 1276 855 1320 postremo
878 1271 964 1320 ipsi,
988 1271 1102 1309 caede
1123 1271 1339 1309 miseranda
1362 1282 1526 1308 suorum

116 1326 272 1375 fatigati,
296 1339 383 1364 cum
406 1326 523 1364 armis
547 1326 673 1364 medio
697 1326 874 1364 incendio
898 1340 940 1365 se
956 1327 1182 1366 iniecerunt.
1222 1328 1294 1365 iam
1315 1327 1417 1365 caedi
1435 1338 1526 1377 per-

116 1388 287 1433 petratae
319 1383 485 1421 victores
515 1381 679 1420 Romani
715 1388 1033 1433 supervenerunt.
1083 1396 1126 1422 ac
1153 1384 1280 1434 primo
1315 1387 1526 1433 conspectu

118 1527 268 1558 mungen,
285 1517 352 1557 vgl.
371 1517 445 1549 Val.
464 1516 552 1548 Max.
573 1516 602 1556 3,
621 1516 652 1556 3,
674 1517 706 1548 1:
723 1520 785 1548 tri-

119 1564 208 1594 stior
236 1562 432 1594 Porsennae
458 1562 568 1594 salute
596 1572 695 1604 qaam
723 1573 787 1594 sua

119 1609 255 1646 laetior-3
280 1608 401 1639 anders
420 1608 463 1638 ist
480 1618 507 1638 c.
528 1607 564 1646 8,
583 1606 618 1645 33
640 1608 676 1647 2,
695 1608 748 1645 40,
767 1607 785 1638 8

119 1664 160 1684 zu
177 1651 300 1684 fassen.
331 1653 429 1684 Beide
444 1652 698 1692 Eigenschal‘ten
714 1653 787 1684 sind

121 1698 151 1728 in
176 1698 331 1728 hb'herem
357 1697 466 1729 Grade
489 1698 539 1728 als
564 1698 783 1737 gewb‘hnlich,

120 1742 201 1773 aber
232 1743 284 1773 die
317 1743 391 1773 eine
424 1743 538 1773 immer
570 1743 600 1772 in
631 1743 785 1773 hitiherem

123 1787 232 1819 Grade
251 1788 301 1818 als
320 1788 371 1818 die
389 1788 511 1818 andere
529 1788 729 1818 vorhanden.
744 1805 788 1810 —

123 1833 192 1864 rob.
212 1832 294 1873 legg
315 1833 366 1863 die
385 1831 635 1874 Herntruppen,
660 1832 787 1863 welche

120 1888 179 1908 uus
198 1877 258 1908 den
280 1877 444 1917 Legionen
464 1877 663 1915 bestanden‚
689 1887 713 1908 s.
734 1876 788 1918 23,

123 1922 174 1961 16,
195 1922 224 1953 8.
266 1921 444 1953 Vielleieht
461 1932 531 1953 war
549 1923 606 1953 das
626 1922 713 1952 Heer
730 1932 788 1961 ge-

120 1967 227 2006 theilr,
250 1978 286 1998 so
304 1968 380 1998 dass
399 1967 543 1998 Marcius
566 1967 649 1998 zwei
668 1967 788 2006 Legio-

120 2023 181 2043 nen
204 2014 309 2053 hatte,
334 2023 429 2044 wenu
455 2013 575 2044 anders
599 2013 658 2043 der
675 2012 789 2043 Plural

119 2068 225 2097 genau
244 2068 284 2088 zu
303 2059 438 2089 nehmen
457 2058 512 2089 ist.
534 2074 578 2080 —
601 2057 736 2097 der-em„
762 2068 788 2089 S.

120 2102 174 2143 22,
198 2103 247 2142 19,
269 2102 320 2134 11.

169 2147 427 2189 14—15.1·bz·q.,
442 2148 547 2178 selbst
561 2148 617 2186 da3
633 2148 682 2178 als
697 2147 788 2178 diese

121 2192 337 2230 erschienen3
364 2194 426 2224 wie
450 2197 544 2223 sonst
568 2195 639 2223 tum
662 2203 790 2234 quoque

122 2237 221 2267 oder:
242 2237 290 2267 bei
309 2237 437 2268 diesen.
454 2256 498 2260 —
515 2240 604 2269 circa
621 2250 658 2278 s.,
678 2239 708 2268 in
727 2238 789 2268 den

120 2282 285 2312 vorderen
297 2281 479 2322 Reihen‚da
495 2282 688 2313 dieFahnen
705 2283 789 2314 heim

121 2326 318 2358 Vorriirken
343 2328 565 2366 vorangehen.
590 2329 791 2368 —serrum

123 2372 167 2403 ist
184 2371 361 2403 erkl‘arend
380 2372 618 2411 nachgestellt3
643 2383 713 2403 man
733 2383 790 2403 er-

122 2421 246 2448 wartet
269 2427 305 2448 es
328 2427 390 2448 vor
413 2417 561 2448 vulnera.
586 2434 630 2439 —
647 2417 791 2458 vecordi,

123 2462 257 2493 starker
273 2462 322 2493 als
342 2462 379 2501 9,
407 2462 463 2501 13,
489 2462 525 2492 3:
548 2472 654 2505 prope
671 2473 790 2494 vesano

120 2509 262 2550 impetu.
281 2525 324 2529 —
341 2507 432 2547 acha,
452 2507 532 2538 Sall.
552 2507 649 2547 1.43,
670 2508 704 2545 53
732 2518 793 2538 zur

122 2551 227 2583 Sache
252 2552 318 2592 vgl.
345 2551 403 2593 37,
428 2552 485 2592 11,
512 2553 540 2583 7.
566 2570 609 2574 —
632 2563 793 2594 quemque

122 2606 202 2634 suo,
230 2607 257 2628 s.
276 2597 312 2637 5,
338 2596 395 2638 20,
421 2597 452 2628 8.
475 2615 519 2619 —
535 2598 642 2640 palcgf.
663 2601 732 2628 acie
750 2599 793 2629 ist

123 2641 196 2672 hier
225 2651 338 2681 wegen
371 2642 459 2683 quod
484 2660 527 2664 —
552 2642 708 2685 supped:
740 2643 792 2673 die

124 2684 374 2718 Schlacbtreibe
390 2687 497 2718 fiffnen
512 2688 790 2727 undausdehnen3

191 2740 249 2767 Ti«.
271 2740 328 2769 Liv.
349 2741 396 2769 VI·
427 2741 455 2770 2.
477 2742 552 2770 Auss.

859 1517 1065 1557 gewiihnlich
1093 1528 1153 1548 nur
1176 1518 1234 1548 das
1258 1517 1415 1556 Erstere,
1446 1527 1472 1548 s.
1499 1527 1526 1549 c.

862 1562 918 1603 14,
947 1562 998 1593 13.
1040 1563 1097 1594 Die
1116 1562 1241 1594 Feinde
1264 1562 1394 1594 kb'nnen
1419 1563 1468 1594 bis
1487 1573 1528 1593 zu

858 1608 918 1639 den
939 1607 1110 1639 Triariern
1130 1608 1350 1648 vordringen‚
1369 1608 1527 1639 wahrend

858 1653 909 1684 die
928 1653 1050 1685 hastati
1067 1654 1130 1684 und
1146 1654 1310 1695 principes
1325 1654 1372 1684 sie
1386 1664 1449 1684 von
1465 1654 1527 1684 den

858 1698 971 1728 Seiten
992 1699 1244 1736 umschliessen,
1264 1709 1290 1729 s.
1309 1697 1368 1736 32,
1391 1698 1447 1737 11,
1470 1698 1527 1729 11:

860 1745 1038 1774 circumire
1070 1754 1090 1774 a
1122 1745 1280 1775 eor-nibus
1313 1746 1345 1774 et
1373 1743 1531 1785 amplecti

861 1788 1008 1819 hostium
1025 1791 1147 1829 aciem,
1172 1788 1262 1830 quod
1276 1789 1309 1819 in
1329 1791 1424 1819 tanta
1441 1787 1528 1819 mul-

860 1832 1004 1864 titudine
1025 1833 1189 1865 adversus
1209 1843 1338 1876 paucos
1355 1833 1465 1873 facile
1481 1834 1529 1864 vi-

860 1877 1012 1909 debatur.
1027 1896 1070 1900 —
1083 1888 1222 1918 cornua,
1235 1879 1315 1909 auch
1332 1878 1383 1909 die
1399 1878 1528 1918 Fliigel.

859 1941 903 1945 ——
919 1925 953 1953 in
972 1923 1061 1961 orb„
1087 1933 1123 1953 so
1149 1923 1224 1954 dass
1243 1923 1290 1954 sie
1308 1941 1352 1945 —
1370 1923 1528 1963 bildeten,

861 1978 887 1998 s.
906 1967 963 2005 22,
978 1967 1032 2007 29,
1051 1969 1081 1999 5.

905 2006 974 2044 23.
996 2012 1091 2044 1-2,
1109 2015 1235 2044 tamen:
1251 2012 1399 2053 obgleich
1414 2013 1529 2053 grass-

860 2058 1016 2098 ]icb,war
1030 2068 1065 2089 es
1080 2059 1160 2089 doch
1176 2057 1530 2098 wenigstens—aber.

861 2103 921 2134 Die
946 2103 1148 2143 Erga'nzung
1170 2104 1230 2135 der
1251 2103 1362 2135 Liicke
1385 2104 1429 2134 ist
1454 2104 1531 2133 sehr

861 2149 1027 2179 unsicher.
1051 2167 1093 2171 ——
1121 2159 1197 2180 cum
1220 2167 1260 2171 —
1282 2148 1429 2188 caeder„
1452 2147 1529 2180 Um-

863 2193 1060 2232 schreibung
1092 2193 1150 2224 der
1181 2193 1377 2230 irucidat1'03
1409 2192 1444 2223 L.
1475 2193 1531 2223 hat

862 2239 891 2269 in
908 2239 1030 2269 diesem
1046 2237 1139 2269 Falle
1153 2239 1252 2269 sehon
1267 2236 1432 2269 mehrfaeh
1448 2242 1531 2268 statt

863 2284 922 2314 des
946 2282 1060 2314 friiher
1084 2283 1332 2323 gewiihnlichen
1352 2281 1529 2314 Indicativs

864 2330 924 2360 den
941 2328 1147 2369 Conjunctiv,
1164 2338 1189 2359 s.
1206 2339 1233 2359 c.
1249 2327 1301 2366 22,
1323 2327 1380 2359 14;
1398 2338 1531 2359 cum——

865 2377 1012 2411 ruerent,
1031 2373 1097 2413 vgl.
1117 2373 1169 2412 27,
1189 2373 1247 2413 51,
1264 2372 1302 2411 33
1323 2372 1376 2412 29,
1396 2372 1449 2413 34,
1470 2372 1528 2410 1();

866 2419 918 2458 35,
937 2419 989 2460 39,
1010 2418 1046 2449 7:
1070 2418 1244 2450 altercatio
1261 2417 1437 2459 indesm't,
1455 2427 1532 2449 cum

863 2482 908 2487 —
925 2465 1133 2506 increparet3
1153 2463 1205 2502 34,
1225 2463 1278 2504 48,
1296 2462 1332 2501 23
1354 2474 1394 2494 zu
1409 2463 1462 2502 25,
1477 2462 1530 2502 36,

865 2508 896 2540 9.
915 2528 956 2531 -
974 2510 1038 2547 sui,
1058 2509 1126 2539 ihre
1144 2509 1299 2550 eigenen,
1318 2506 1377 2539 auf
1390 2509 1451 2539 den
1468 2507 1532 2539 Ac-

865 2558 969 2584 cusat.
988 2554 1152 2593 bezogen,
1172 2564 1198 2585 S.
1218 2553 1253 2593 4,
1273 2552 1333 2593 33,
1352 2554 1382 2585 5.
1403 2571 1447 2576 -
1469 2563 1530 2596 po-

866 2601 993 2630 stremo
1018 2603 1082 2629 etc.
1107 2603 1231 2629 musste
1255 2598 1305 2629 als
1330 2608 1431 2629 neues
1458 2598 1530 2630 Mo-

865 2648 954 2674 ment
978 2653 1040 2674 von
1066 2644 1248 2676 trucidatio
1278 2653 1353 2675 cum
1377 2647 1533 2684 getrennt

865 2688 1010 2730 werden,
1028 2689 1094 2728 vgl.
1114 2700 1140 2721 c.
1162 2688 1212 2730 18,
1232 2688 1263 2720 7.

1223 2743 1264 2775 12
