1784 2967
33 886 72 918 10

33 1168 71 1199 15

101 283 126 300 a.
143 275 195 300 Ch.
212 275 272 299 214.
528 264 656 296 LIBER
673 263 800 297 XXIV.
833 263 926 296 CAP.
949 263 1000 295 11.
1025 264 1076 295 12.
1458 266 1511 304 29

101 379 186 406 cum
210 380 284 405 xxx
312 367 462 406 dierum
491 367 611 406 coctis
640 366 792 405 cibariis
820 378 934 405 naves
964 366 1286 405 conscenderunt.
1327 372 1408 406 tum
1431 367 1512 418 pri—

102 436 209 462 mum
236 428 296 462 est
322 424 466 463 factum
493 428 536 462 ut
564 423 697 462 classis
719 424 895 462 Romana
927 422 1043 461 sociis
1066 422 1261 462 navalibus
1284 423 1429 474 privata
1451 424 1512 461 in-

101 491 221 531 pensa
243 480 385 531 paratis
409 480 664 531 conpleretur.

215 537 285 575 Hic
305 537 430 576 maior
451 536 564 575 solito
587 536 793 587 adparatus
816 536 1022 587 praecipue
1044 536 1257 574 conterruit
1278 536 1510 587 Campanos,

101 604 150 631 ne
172 593 218 632 ab
241 593 444 632 obsidione
461 592 611 644 Capuae
626 593 766 632 bellum
786 593 868 632 eius
886 592 976 631 anni
993 591 1158 630 Romani
1174 591 1403 643 inciperent.
1439 594 1513 632 ita-

102 662 176 700 que
197 650 341 700 legatos
363 650 409 688 ad
432 650 685 688 Hannibalem
709 655 862 688 oratum
885 649 1087 693 miserunt,
1108 653 1151 687 ut
1171 648 1341 700 Capuam
1369 650 1512 688 exerci-

101 712 183 745 tum
210 707 451 745 admoveret:
488 707 534 745 ad
572 719 656 745 eam
689 706 995 758 oppugnandam
1024 717 1147 743 novos
1177 705 1368 744 exercitus
1397 706 1512 745 scribi

101 763 257 807 Romae,
278 774 350 801 nec
370 763 483 802 ullius
505 763 612 802 urbis
635 763 839 802 defectioni
862 762 984 813 magis
1007 762 1182 800 infensos
1205 774 1342 801 eorum
1359 763 1512 802 animos

101 831 198 858 esse.
240 819 277 858 id
301 819 387 870 quia
409 825 486 858 tam
508 820 659 871 trepide
679 820 920 865 nuntiabant,
943 819 1215 857 maturandum
1238 818 1427 858 Hannibal
1448 832 1514 858 ra-

102 881 184 923 tus,
212 888 262 915 ne
283 876 551 927 praevenirent
572 876 755 921 Romani,
778 876 976 927 profectus
999 875 1112 925 Arpis
1134 875 1181 913 ad
1203 875 1325 914 Tifata
1347 876 1386 914 in
1407 882 1512 915 vete-

99 932 206 971 ribus
234 933 370 972 castris
399 945 517 984 super
537 933 706 984 Capuam
730 933 916 971 consedit.
945 932 1035 970 inde
1052 932 1230 970 Numidis
1251 932 1513 984 Hispanisque

100 989 145 1028 ad
168 990 403 1040 praesidium
426 990 541 1028 simul
563 995 780 1028 castrorum
805 989 920 1027 simul
938 990 1087 1039 Capuae
1109 988 1251 1027 relictis
1274 1001 1362 1027 cum
1386 995 1511 1028 cetero

100 1046 267 1085 exercitu
295 1046 341 1085 ad
369 1046 492 1085 lacum
522 1046 662 1084 Averni
689 1059 759 1096 per
785 1045 953 1096 speciem
983 1044 1244 1090 sacrificandi,
1271 1057 1312 1083 re
1343 1045 1442 1095 ipsa,
1471 1052 1513 1085 ut

100 1108 303 1153 temptaret
323 1103 506 1141 Puteolos
531 1104 713 1153 quodque
736 1102 785 1141 ibi
807 1101 1043 1153 praesidium
1066 1106 1160 1145 erat,
1183 1101 1394 1140 descendit.
1431 1103 1511 1141 Ma-

100 1159 242 1205 ximus,
260 1164 468 1210 postquam
486 1159 739 1197 Hannibalem
756 1158 869 1209 Arpis
886 1159 1104 1209 profectum
1123 1164 1159 1196 et
1175 1159 1324 1208 regredi
1342 1159 1379 1197 in
1396 1159 1511 1198 Cam-

100 1216 253 1265 paniam
275 1216 442 1254 adlatum
466 1221 541 1262 est,
569 1228 640 1254 nec
662 1215 721 1253 die
742 1227 814 1254 nec
833 1220 949 1254 nocte
971 1214 1194 1253 intermisso
1218 1215 1353 1254 itinere
1375 1215 1420 1254 ad
1444 1229 1510 1254 ex-

99 1271 260 1309 ercitum
287 1271 387 1310 redit
412 1277 449 1310 et
482 1271 540 1310 Ti.
570 1272 784 1311 Gracchum
814 1271 861 1311 ab
892 1271 1052 1311 Luceria
1079 1271 1346 1311 Beneventum
1380 1272 1511 1323 copias

100 1383 118 1413 5
128 1393 136 1422 3
147 1382 199 1423 34,
209 1382 699 1424 6,13.-—arm.iust.,mitdem
709 1387 768 1416 116-

100 1429 211 1468 thigen
231 1428 377 1460 Ger‘athe
396 1439 469 1460 zum
487 1429 583 1461 Theil
602 1430 667 1461 wol
684 1431 766 1461 auch

101 1472 232 1504 XVaffen
250 1475 425 1505 versehen.
443 1493 487 1497 ——
509 1485 585 1506 cam
604 1477 684 1517 [rig.
704 1480 766 1506 etc.

99 1519 165 1559 vgl.
185 1518 237 1558 21,
262 1518 315 1559 49,
342 1520 371 1550 7.
407 1519 491 1551 Dass
525 1521 576 1551 die
610 1520 768 1552 Privaten

99 1565 181 1595 auch
211 1565 322 1596 diesen
350 1563 589 1597 Mundvorrath
613 1564 770 1606 geliefert

98 1609 203 1640 haben
227 1609 271 1641 ist
294 1619 385 1641 zwar
403 1611 493 1641 nicht
510 1611 675 1642 bestimint
691 1621 769 1643 a-us-

101 1656 317 1696 gesprochen,
335 1655 416 1686 aber
433 1657 513 1687 nach
529 1656 582 1697 26,
601 1655 654 1695 35,
674 1656 692 1686 3
710 1666 770 1687 an-

99 1701 427 1732 zuuelunen.—tum
437 1711 503 1744 pr„
519 1711 587 1732 was
601 1701 642 1732 im
657 1706 771 1733 ersten

100 1746 277 1786 punischen
296 1744 418 1785 h'riege
436 1747 587 1786 geschah,
606 1757 632 1777 s.
652 1746 769 1789 Polyb.

106 1790 133 1827 1,
148 1790 201 1828 59,
220 1799 290 1820 war
303 1791 394 1821 mehr
407 1791 459 1821 ein
474 1790 771 1822 Privatunterneh-

103 1844 187 1873 nien,
222 1834 288 1874 vgl.
311 1834 449 1866 Nitzsch
473 1836 525 1867 die
541 1835 724 1877 Graccben,
743 1847 770 1868 s.

104 1878 164 1916 353
189 1879 261 1910 109.

149 1917 317 1957 12—13·
343 1925 503 1957 Hannibal
518 1926 547 1956 in
563 1925 771 1968 Campanien.

149 1969 247 2002 1—2.
271 1981 313 2002 ne
336 1975 399 2002 etc.
424 1971 554 2002 ent-halt
577 1971 635 2002 das
654 1971 773 2003 Obiect

101 2014 160 2045 der
176 2014 319 2055 Furcht,
339 2016 401 2046 wie
424 2016 475 2054 10,
498 2016 547 2058 14,
569 2015 629 2056 2ος
649 2017 771 2048 anders

101 2059 131 2099 2,
150 2059 201 2101 45,
223 2060 256 2092 1:
286 2063 452 2093 memoria
473 2079 519 2084 —
542 2063 707 2104 terrebat,
730 2073 772 2094 ne

100 2115 173 2136 rem
190 2108 440 2138 committerent
456 2118 504 2139 eo.
523 2107 770 2148 —defecte'om',

101 2160 128 2181 s.
148 2160 175 2181 c.
195 2151 224 2188 5,
245 2151 282 2191 13
317 2151 348 2191 9,
373 2151 426 2192 31,
452 2152 486 2183 3:
520 2152 596 2184 huie
611 2153 771 2193 infensus

101 2195 302 2228 crudelitati.
326 2196 416 2228 Cui-t.
428 2198 458 2236 7,
472 2196 594 2235 43,27:
613 2199 774 2230 Arimazi

101 2242 280 2327 {uperbiae
301 2242 470 2283 infensus.
500 2261 543 2265 —-
573 2253 704 2284 eorum,
730 2243 768 2275 Z.

148 2330 246 2363 3—4.
273 2332 418 2376 trepide,
444 2342 469 2364 S.
497 2332 550 2374 25,
576 2333 628 2372 37,
655 2333 711 2373 143
741 2335 770 2374 7,

105 2376 210 2415 11,1:
240 2378 363 2409 eastris
390 2378 516 2421 trepide
538 2378 681 2418 relietis;
717 2379 771 2419 27,

102 2422 155 2464 27,
175 2421 209 2453 11
225 2434 232 2454 :
255 2422 430 2466 inprovide
445 2441 490 2446 ——
506 2435 542 2455 Se
557 2425 591 2455 in
607 2434 772 2468 praeceps

103 2467 261 2504 dederat‚·
285 2468 395 2509 h'aufig
412 2468 551 2500 braucht
567 2468 603 2500 L.
616 2470 698 2500 auch
712 2470 771 2501 das

103 2513 323 2553 Adjectivum,
348 2523 373 2545 s.
394 2512 447 2553 23,
467 2512 520 2551 33,
539 2515 569 2545 5.
591 2533 635 2537 —
651 2516 770 2558 Arpis,

102 2568 198 2589 wenn
223 2559 311 2590 nicht
332 2560 372 2590 ab
395 2557 600 2599 ausgefallen
624 2560 680 2601 ist,
712 2561 772 2591 der

103 2603 215 2635 blosse
238 2604 312 2635 Abl.
335 2604 398 2635 wie
422 2615 450 2635 c.
479 2604 506 2641 1,
541 2604 599 2644 12;
627 2603 684 2644 30,
713 2605 770 2636 11:

106 2647 277 2689 [neg-area,-
301 2648 331 2687 6,
351 2648 403 2689 29,
430 2649 466 2680 S:
490 2649 694 2689 P7·ae12este,·
716 2649 769 2688 22,

108 2693 215 2733 19,3;
249 2694 300 2735 29,
320 2694 373 2733 25,
403 2694 460 2732 123
494 2696 536 2726 ib.
567 2695 616 2734 15,
642 2695 678 2733 ὃς
716 2695 768 2730 23,

841 1384 895 1426 43,
913 1383 950 1415 6τ
985 1383 1201 1425 Carthagine,
1225 1384 1292 1424 vgl.
1319 1383 1370 1426 30,
1394 1383 1448 1423 36,
1472 1384 1510 1423 9ς

841 1429 895 1470 43,
917 1428 968 1469 13,
987 1428 1022 1459 3:
1043 1431 1226 1471 Anagm'a5
1244 1428 1298 1468 26,
1318 1429 1348 1467 9,
1372 1429 1429 1468 10;
1458 1428 1512 1468 35,

846 1475 896 1515 10,
911 1474 948 1514 9;
967 1473 1126 1516 1'b.4ss,3;
1146 1473 1262 1514 25,2S‚
1281 1475 1311 1505 1:
1329 1472 1513 1518 Syracusis

842 1531 873 1551 u.
897 1530 926 1551 a.
951 1530 1057 1560 gegen
1087 1520 1149 1551 den
1174 1519 1423 1559 gewo'hulichen
1448 1519 1514 1551 Ge-

843 1565 966 1596 brauch
985 1563 1062 1606 L's.,
1080 1575 1106 1596 s.
1129 1564 1161 1604 2,
1187 1564 1238 1603 36,
1261 1564 1299 1604 63
1330 1564 1383 1603 25,
1411 1564 1461 1603 19,
1481 1565 1511 1596 6.

842 1628 888 1634 -—
911 1609 1039 1652 Tqsata,
1063 1610 1115 1651 23,
1134 1609 1187 1650 36,
1207 1610 1238 1640 6.
1262 1629 1307 1632 —
1329 1610 1374 1642 ad
1387 1620 1513 1653 prae-5„

844 1655 897 1694 21,
917 1656 970 1695 60,
987 1656 1017 1687 5.
1042 1673 1086 1678 ——
1102 1655 1220 1697 ,lacum
1241 1656 1339 1694 Aru,
1362 1666 1387 1686 s.
1407 1666 1435 1687 c.
1462 1654 1512 1696 13,

846 1700 881 1739 1;
900 1711 926 1732 c.
944 1700 997 1741 20,
1019 1700 1076 1740 14,
1096 1711 1122 1732 c.
1143 1700 1196 1740 35,
1213 1700 1248 1731 3:
1266 1701 1420 1743 Pachyni
1433 1711 1514 1743 pro-

843 1747 1069 1783 munturium,
1096 1746 1160 1786 vgl.
1186 1757 1214 1777 c.
1239 1746 1269 1785 3,
1288 1746 1326 1784 43
1353 1748 1382 1784 ὃ,
1405 1746 1456 1785 13,
1476 1746 1513 1784 53

844 1791 895 1821 ein
912 1790 974 1821 See
990 1792 1155 1822 zwischen
1166 1790 1285 1822 Cumae
1299 1792 1363 1822 und
1373 1791 1514 1829 Puteoli,

843 1836 874 1866 in
894 1836 989 1867 einer
1013 1836 1263 1867 schauerlichen
1289 1835 1437 1876 Gegend,
1462 1846 1513 1867 wo

843 1891 917 1912 man
940 1881 1002 1912 den
1028 1880 1175 1921 Eingang
1198 1882 1229 1911 in
1254 1881 1306 1912 die
1329 1880 1516 1913 Unterwelt

846 1927 996 1965 annahm,
1027 1936 1053 1956 s.
1073 1925 1182 1957 Strab.
1208 1926 1237 1966 5,
1261 1926 1279 1956 5
1299 1937 1328 1968 p.
1349 1925 1425 1961 244,
1448 1927 1515 1958 und

845 1972 897 2002 die
916 1971 1045 2003 Todten
1065 1981 1107 2002 zu
1124 1970 1282 2011 befragen
1302 1973 1421 2013 pssegte
1447 1974 1514 2010 (νε-

844 2018 1140 2061 κυιομανῑεῖον),
1165 2015 1266 2056 Verg.
1292 2016 1320 2058 6,
1346 2016 1426 2058 236,
1450 2017 1514 2048 wie

844 2061 953 2104 Scipio
972 2062 1031 2093 Sil.
1046 2061 1083 2093 It.
1104 2062 1154 2100 13,
1169 2061 1233 2092 417
1249 2062 1313 2093 und
1327 2061 1417 2102 jetzt
1433 2063 1514 2093 auch

844 2108 910 2138 wol
930 2107 1102 2146 Hannibal,
1126 2106 1258 2138 Preller
1276 2106 1351 2138 462.
1375 2126 1418 2130 -
1443 2107 1514 2139 Pu-

844 2153 932 2194 teol.,
952 2164 979 2184 c.
998 2153 1026 2193 7,
1050 2152 1100 2183 10.

890 2198 988 2229 5-6.
1014 2197 1209 2236 Maximus,
1235 2208 1271 2229 so
1295 2198 1430 2229 werden
1455 2197 1514 2228 be-

843 2243 973 2274 riihnite
998 2242 1138 2274 Manner
1166 2242 1336 2274 bisweilen
1368 2252 1429 2273 nur
1457 2242 1515 2273 mit

844 2289 917 2320 dem
934 2288 1104 2320 Zunamen
1122 2288 1327 2319 bezeichnet.
1360 2288 1427 2319 Der
1443 2286 1514 2318 Na-

844 2344 894 2365 me
913 2333 1021 2365 selbst
1044 2343 1115 2364 war
1138 2334 1238 2364 sehon
1263 2332 1376 2364 friiher
1399 2333 1430 2363 in
1456 2332 1515 2363 der

845 2379 995 2417 Fainilie,
1015 2389 1041 2410 S.
1057 2379 1087 2420 9,
1102 2378 1224 2419 46,15;
1248 2378 1362 2418 10,17,
1385 2377 1440 2415 11ς
1461 2376 1512 2417 29,

846 2424 899 2464 20,
922 2425 949 2456 1.
969 2443 1014 2448 ——
1032 2422 1169 2456 Gracelz.
1195 2428 1274 2464 etc„
1309 2423 1368 2453 der
1391 2422 1515 2453 Consul

845 2468 978 2510 verfiigt
996 2470 1077 2501 nach
1094 2469 1217 2499 seinem
1237 2467 1337 2499 Plane
1361 2467 1444 2498 iiber
1462 2467 1513 2498 die

845 2515 1016 2557 Truppen,
1044 2514 1192 2554 obgleich
1220 2513 1272 2544 die
1306 2513 1421 2544 beiden
1454 2522 1514 2552 ge-

844 2565 987 2592 nannten
1034 2558 1258 2597 selbstandige
1298 2558 1513 2589 Commandos

845 2606 960 2637 haben.
1000 2605 1047 2636 Da
1071 2605 1153 2635 auch
1183 2603 1362 2635 Marcellus
1387 2603 1512 2634 bereits

844 2650 873 2681 in
895 2650 1088 2692 Campanien
1115 2649 1212 2689 steht,
1237 2658 1261 2679 s.
1288 2659 1314 2680 c.
1344 2648 1393 2686 13,
1420 2649 1450 2683 9,
1477 2658 1511 2678 so

844 2697 886 2726 ist
904 2696 1140 2729 nnzunehmen,
1159 2694 1235 2725 dass
1254 2704 1325 2725 inan
1345 2693 1513 2725 beabsirli-
