1784 2967
72 813 109 843 to

73 1095 109 1126 15

67 1376 107 1407 20

583 187 708 220 LIBER
725 187 837 222 XXV.
871 188 964 221 CAP.
986 191 1035 222 14.
1057 191 1106 223 15.
1464 195 1538 232 141

141 207 166 224 a.
185 200 237 225 Ch.
254 200 313 224 212.

141 305 217 345 quo
237 291 410 331 nuntiata
432 296 648 331 castrorum
671 291 796 330 clades
819 296 894 338 est,
922 304 1008 330 oum
1030 294 1163 344 paucis
1182 294 1542 342 frumentatoribus,

141 361 240 400 quos
268 349 368 387 forte
395 361 527 388 seeum
549 348 755 394 habuerat,
781 349 894 399 fugae
915 348 1036 398 magis
1059 362 1172 400 quam
1195 351 1340 390 itineris
1363 352 1480 390 modo
1503 352 1540 391 in

139 405 312 445 Bruttios
333 406 456 446 rediit.
483 406 532 445 Et
555 405 686 456 [legati]
713 404 896 456 Campani
921 405 1046 444 audita
1071 419 1138 445 sua
1159 408 1302 458 pariter
1323 408 1541 447 sociorum-
1569 412 1620 450 15

141 462 217 514 qud
246 462 349 501 clade
377 463 521 514 legatos
543 462 589 501 ad
611 461 858 500 Hannibalem
883 461 1091 509 miseruut,
1118 464 1183 513 qui
1204 465 1425 504 nuntiarent
1444 466 1541 505 duos

141 520 321 558 eonsules
348 520 393 559 ad
416 520 674 558 Beneventum
702 531 787 557 esse
814 518 887 557 diei
915 518 986 557 iter
1008 532 1027 557 a
1050 519 1195 570 Capua,
1224 527 1372 560 tantum
1394 534 1474 561 non
1495 523 1540 562 ad

138 582 271 628 portas
294 581 331 614 et
350 589 486 615 muros
507 576 647 615 bellum
670 588 775 614 esse:
804 575 843 613 ni
864 587 1031 626 propere
1053 576 1267 624 subveniat,
1291 579 1447 618 celerius
1470 579 1539 619 Ca-

138 646 254 684 puam
277 645 390 684 quam
411 634 539 684 Arpos
560 633 599 671 in
619 638 850 683 potestatem
875 633 1047 671 hostium
1075 638 1288 672 venturam.
1328 647 1376 673 ne
1396 636 1540 675 Taren·
1572 646 1589 677 2

137 696 220 729 tum
249 690 423 741 quidem,
451 701 532 729 non
559 689 678 728 modo
707 702 851 735 arc-em,
882 689 976 728 tanti
1003 689 1140 728 debere
1167 703 1270 737 esse,
1297 697 1340 729 ut
1359 691 1540 743 Capuam,

139 759 253 797 quam
281 745 497 797 Carthagini
531 758 694 797 aequare
729 745 778 785 sit
813 745 968 793 solitus,
1005 747 1194 786 desertam
1227 747 1542 800 indefensamque

138 803 283 854 populo
301 803 477 842 Romano
498 803 635 842 tradat.
672 802 860 842 Hannibal
880 816 992 842 curae
1014 803 1085 842 sibi
1105 804 1188 843 fore
1208 817 1288 842 rem
1308 804 1542 856 Campanam
1573 814 1590 844 3

137 860 328 911 pollicitus
350 860 388 898 in
409 860 625 911 praesentia
647 860 723 899 duo
746 860 849 898 milia
870 860 1040 911 equitum
1060 873 1146 899 cum
1164 861 1297 911 legatis
1314 862 1442 909 mittit,
1466 875 1541 914 quo

136 917 330 968 praesidio
352 929 466 968 agros
488 917 803 968 populationibus
825 923 990 968 possent
1010 917 1228 968 prohibere.

249 974 436 1013 Romanis
471 974 645 1021 interim,
683 975 781 1013 sieut
816 974 972 1013 aliarum
1002 987 1151 1022 rerum,
1187 974 1284 1014 arcis
1317 975 1543 1015 Tarentinae
1571 987 1590 1017 4

137 1031 399 1082 praesidique,
422 1031 526 1082 quod
548 1031 598 1070 ibi
620 1031 873 1078 obsideretur,
895 1043 982 1070 cura
1005 1036 1072 1070 est.
1117 1032 1155 1070 C.
1178 1032 1358 1070 Servilius
1381 1033 1540 1082 legatus,

139 1101 184 1126 ex
205 1088 428 1127 auctoritate
449 1093 600 1139 patrum
623 1100 643 1126 a
664 1088 706 1127 P.
725 1088 900 1126 Cornelio
922 1093 1099 1138 praetore
1119 1088 1158 1126 in
1174 1088 1370 1128 Etruriam
1392 1090 1437 1128 ad
1459 1090 1541 1129 fru-

139 1151 309 1183 mentum
348 1145 601 1183 coemendum
637 1144 800 1191 missus,
838 1157 924 1183 eum
960 1144 1103 1195 aliquot
1133 1145 1292 1184 navibus
1322 1147 1474 1185 onustis
1503 1147 1541 1185 in

137 1207 294 1252 portum
316 1201 567 1240 Tarentinum
589 1201 689 1239 inter
709 1201 881 1240 hostium
904 1202 1097 1240 custodias
1118 1203 1301 1253 pervenit.
1343 1203 1450 1242 cuius
1473 1203 1540 1242 ad-
1572 1215 1589 1244 5

137 1264 268 1302 ventu,
299 1258 362 1308 qui
388 1264 474 1296 ante
502 1257 539 1296 in
568 1258 700 1308 exigua
728 1270 797 1308 spe
826 1258 947 1297 vocati
975 1271 1090 1310 saepe
1118 1260 1164 1298 ad
1194 1259 1463 1298 transitionem
1494 1260 1540 1299 ab

136 1314 315 1353 hostibus
338 1327 406 1365 per
428 1314 630 1366 conloquia
652 1320 771 1361 erant,
794 1315 894 1354 ultro
916 1314 961 1354 ad
983 1317 1259 1355 transeundum
1283 1317 1406 1356 hostis
1429 1330 1540 1356 vora·

137 1371 229 1410 bant
249 1371 589 1423 sollicitabantque.
632 1378 669 1411 et
690 1377 769 1411 erat
790 1372 880 1411 satis
902 1372 1067 1412 validum
1089 1373 1336 1425 praesidium,
1356 1374 1541 1414 traductis

137 1506 166 1538 p.
195 1494 272 1526 181:
305 1506 415 1528 ocrem
438 1497 568 1539 antiqui
589 1515 626 1519 —
654 1498 801 1528 moniam

137 1541 383 1583 corffragosum
399 1543 569 1580 vocabant,
586 1545 625 1574 ut
640 1542 732 1585 apud
746 1542 802 1574 Li-

136 1588 244 1618 vium:
273 1587 334 1619 sed
355 1589 412 1630 (μα’
433 1591 513 1619 sunt
534 1588 582 1628 Ιιί,
608 1590 664 1629 qai
685 1598 801 1620 ascen-

136 1631 222 1664 dunt
252 1632 357 1665 altam
397 1635 506 1672 ocr1'71,·
552 1633 696 1665 welches
732 1634 801 1665 sich

136 1678 218 1709 auch
244 1677 285 1709 im
304 1678 486 1710 Oskisehen
504 1678 569 1709 und
588 1678 800 1711 Umbrischen

138 1722 256 1763 findet,
285 1724 351 1763 vgl.
384 1724 571 1755 officulam
600 1723 657 1765 22,
689 1724 739 1761 11,
771 1725 800 1755 5.

140 1767 196 1798 Die
206 1767 293 1807 Lage
303 1769 360 1799 des
372 1768 472 1800 Ortes
487 1769 530 1800 ist
544 1769 633 1800 nieht
647 1769 801 1807 bekannt,

139 1813 218 1843 doch
243 1822 313 1844 war
337 1824 373 1844 er
395 1814 460 1844 wol
483 1814 514 1844 in
540 1814 598 1844 der
621 1813 712 1845 Nahe
738 1824 800 1845 von
854 1847 856 1849 ,

139 1858 315 1889 Benevent.
333 1876 377 1881 —
394 1869 468 1890 eum
485 1861 584 1901 p.s7·.
610 1860 755 1900 dagegen
776 1870 802 1890 c.

142 1903 192 1941 13,
215 1903 268 1934 1οε
287 1914 362 1935 eum
379 1906 550 1936 exercitas
564 1908 674 1947 parte.

187 1943 254 1980 15.
284 1949 378 1980 1-3,
414 1953 447 1981 et
470 1949 587 1991 kniipt't
609 1951 660 1981 ein
680 1950 802 1981 ebenso

138 1994 201 2025 wie
226 1993 356 2026 Hannos
380 1994 499 2026 Flucht
522 2005 561 2026 an
586 1995 637 2026 die
662 1995 802 2027 Nieder—

138 2039 211 2079 lage
235 2039 407 2071 desselben
431 2041 498 2071 sich
516 2041 802 2072 anschliessendes

138 2084 309 2125 Ereigniss
341 2095 393 2117 an.
421 2104 465 2109 —-
498 2086 603 2128 legati
631 2096 702 2117 war
737 2086 801 2117 wol

139 2130 213 2161 eine
240 2130 547 2171 Randbemerkung.
564 2150 608 2154 —
625 2131 692 2163 (Ilei
712 2132 801 2171 iter„

140 2186 166 2206 (·.
188 2175 245 2214 13,
270 2176 300 2206 4.
329 2194 372 2199 -—
402 2179 534 2208 tantum
550 2188 599 2215 71.‚
624 2177 661 2216 4,
685 2176 719 2218 2,
742 2176 801 2215 12;

141 2219 201 2259 34,
239 2220 299 2259 40,
338 2220 369 2252 6.
407 2239 450 2244 -—
486 2233 551 2254 non
590 2222 705 2261 modo,
744 2233 802 2263 ge-

140 2266 303 2305 schweige
338 2267 436 2297 denn:
475 2268 564 2299 nicht
599 2268 716 2299 einmal
751 2268 802 2299 die

139 2321 243 2351 ganze
263 2311 358 2342 stadt
377 2311 434 2352 T.,
461 2313 541 2343 noel]
566 2313 633 2344 viel
656 2314 804 2353 weniger

139 2357 190 2387 die
217 2356 302 2396 Burg
327 2357 446 2395 allein3
476 2357 575 2389 deren
599 2358 804 2399 Belagernng

139 2402 295 2439 iibrigens
321 2402 409 2433 nicht
432 2402 593 2434 Hannibal
619 2404 725 2435 selbst
748 2404 804 2435 be—

140 2447 258 2486 treibt3
278 2447 344 2487 vgl.
365 2446 429 2478 Cic.
449 2447 548 2479 Tusc.
571 2449 595 2490 1,
614 2448 671 2489 38,
689 2448 746 2480 92:
764 2461 804 2481 ne

138 2503 216 2524 sues
245 2492 376 2533 quidem
403 2492 442 2524 z'd
468 2493 582 2532 velint,
610 2505 674 2526 non
703 2494 803 2527 modo

138 2539 229 2581 ipse;
252 2538 360 2569 Divin.
386 2538 421 2577 2,
447 2539 503 2579 55,
532 2538 610 2570 113:
634 2551 804 2582 nunquam

139 2594 180 2614 ne
194 2583 354 2615 mediocri
365 2584 505 2625 quidem,
523 2594 590 2615 uon
607 2585 705 2617 modo
720 2596 803 2629 pru—

140 2627 234 2660 denti
252 2630 397 2672 probata
422 2632 518 2668 suut;
549 2630 677 2662 'ahnlieh
703 2632 804 2663 etiam

873 1515 916 1520 —
933 1508 998 1529 nou
1016 1497 1132 1538 modo,
1151 1497 1205 1538 24,
1231 1497 1261 1538 3,
1280 1497 1310 1529 6.
1329 1516 1373 1521 —
1391 1501 1478 1530 tanti
1492 1501 1540 1540 ut,

873 1553 935 1574 von
955 1553 990 1574 so
1010 1543 1124 1574 hohein
1143 1543 1302 1582 VVerthe,
1328 1544 1404 1576 dass
1429 1555 1467 1575 er
1483 1545 1541 1576 da—

873 1587 927 1620 fiir
944 1588 1104 1629 hingeben
1124 1587 1230 1621 diirfe.
1253 1607 1297 1612 —
1322 1589 1387 1621 duo
1409 1600 1454 1622 m..
1481 1602 1540 1632 eq„

874 1638 968 1665 sons-t
993 1635 1070 1666 wird
1095 1635 1217 1675 gerade
1241 1635 1292 1666 die
1317 1636 1542 1677 campanische

873 1679 1019 1710 Reiterei
1037 1680 1204 1720 geriihmt,
1225 1691 1251 1711 s.
1270 1680 1327 1719 23,
1351 1680 1405 1712 46.
1423 1699 1467 1704 —
1482 1692 1543 1724 po-

871 1724 978 1768 pulat,
1003 1726 1111 1768 prola,
1141 1725 1179 1756 Z.
1205 1725 1326 1767 §4693
1359 1737 1419 1757 zur
1436 1727 1540 1758 Saone

874 1771 956 1812 App.
977 1769 1013 1801 H.
1032 1769 1085 1801 36.

922 1810 989 1847 15.
1022 1814 1155 1846 4—18.
1195 1815 1254 1846 Die
1279 1816 1365 1856 Burg
1386 1827 1449 1848 von
1476 1817 1541 1848 Ta-

875 1865 960 1892 rent.
1000 1858 1110 1891 Abfall
1135 1871 1198 1891 von
1224 1860 1447 1902 Metapontum
1478 1864 1540 1894 und

876 1905 1002 1937 Thurii.
1035 1906 1170 1948 Appian.
1191 1905 1294 1938 Hann.
1313 1906 1365 1939 34.

921 1951 1018 1982 4—5.
1044 1953 1134 1983 sicut
1151 1953 1231 1982 ohne
1248 1954 1307 1993 ita,
1326 1963 1351 1985 s.
1371 1952 1423 1994 24,
1442 1952 1471 1993 3,
1490 1952 1540 1985 13.

876 2014 920 2018 -
938 1996 1090 2037 obs-ider„
1110 1997 1246 2028 Ansicht
1260 1998 1317 2028 des
1333 1998 1484 2030 Senates.
1498 2017 1543 2022 —

876 2051 956 2073 eura
985 2045 1050 2081 est,
1085 2042 1151 2082 vgl.
1176 2042 1231 2083 213,
1266 2042 1322 2083 18,
1352 2043 1390 2082 23
1422 2043 1479 2084 30,
1510 2043 1541 2084 3,

879 2087 891 2118 1
906 2099 912 2118 :
938 2089 1090 2119 omnibus
1105 2088 1248 2129 Africae
1266 2098 1349 2120 cura
1367 2092 1460 2127 erat;
1483 2099 1541 2130 ge-

876 2133 1080 2164 wohnlicher
1103 2133 1147 2164 ist
1169 2144 1269 2165 curae
1292 2145 1380 2174 esse,
1413 2145 1439 2166 s.
1464 2134 1484 2176 ξ
1510 2134 1540 2166 3.

876 2178 1116 2219 -Εΐνανῖαηῃ
1134 2179 1197 2210 wie
1216 2178 1246 2218 2,
1266 2179 1324 2218 343
1345 2179 1397 2210 52.
1411 2198 1454 2202 —
1468 2190 1542 2211 eoe-

875 2223 1044 2263 memlmn,
1063 2234 1099 2255 es
1116 2224 1198 2255 wird
1213 2225 1283 2255 also
1298 2225 1385 2256 nicht
1399 2235 1461 2256 von
1480 2226 1540 2256 den

875 2269 1169 2309 Bundesgenossen
1188 2269 1366 2310 gesordert,
1382 2280 1408 2301 s.
1423 2269 1474 2310 23,
1487 2270 1541 2309 32,

876 2314 913 2353 93
940 2314 982 2346 ib.
1007 2315 1063 2355 48,
1091 2315 1121 2347 4.
1139 2333 1185 2338 -—
1199 2317 1300 2356 inter,
1320 2325 1346 2346 s.
1366 2314 1418 2353 24,
1437 2315 1490 2355 41,
1510 2314 1540 2346 9.

875 2378 918 2382 ——-
931 2361 964 2391 in
979 2371 1024 2391 eoe
1036 2371 1076 2401 s.,
1094 2364 1176 2392 statt
1190 2361 1281 2392 eines
1295 2360 1540 2400 Causalsatzes,

876 2415 902 2436 s.
922 2404 974 2443 26,
993 2406 1023 2445 5,
1048 2405 1105 2443 11;
1126 2406 1156 2445 δ,
1176 2406 1204 2443 2,
1225 2406 1242 2436 5
1261 2417 1291 2437 u.
1311 2415 1357 2443 a.,
1378 2405 1442 2445 vgl.
1463 2416 1489 2437 c.
1510 2405 1539 2444 7,

879 2450 929 2482 10.
953 2468 998 2473 ——
1021 2451 1066 2482 ad
1086 2469 1130 2473 —
1153 2452 1193 2481 ab
1213 2469 1257 2473 —
1279 2461 1356 2494 per,
1381 2451 1432 2481 die
1450 2450 1539 2482 drei-

876 2495 968 2527 fache
982 2496 1204 2535 Bestimmuug
1220 2496 1277 2526 des
1296 2506 1358 2527 von
1372 2499 1470 2528 erant
1481 2506 1538 2537 ge-

877 2545 1047 2580 trennten,
1104 2542 1264 2583 priignant
1316 2541 1537 2581 gebrauchten

876 2589 986 2618 vocati
1013 2587 1057 2617 ist
1086 2597 1126 2617 zu
1155 2586 1325 2618 beachteu.
1343 2604 1386 2609 —
1404 2590 1447 2628 et,
1475 2587 1539 2618 und

878 2632 961 2663 dazu
991 2633 1101 2663 hatten
1132 2631 1179 2663 sie
1207 2632 1288 2663 auch
1319 2631 1451 2671 Grund3
1480 2632 1539 2664 der
