1784 2967
638 236 765 276 LIBER
790 244 929 278 XXVII.
978 244 1071 276 CAP.
1099 244 1152 276 44.
1178 244 1234 276 45.

244 247 320 287 108

1491 260 1517 278 a.
1533 260 1560 278 u.
1576 253 1637 280 547.

240 348 391 389 Gallicis
420 346 598 398 gentibus
628 347 748 385 multo
779 346 901 397 magis
922 359 1036 398 quam
1058 346 1312 386 Hannibalem
1333 346 1462 397 ipsum
1485 345 1640 397 gloriari

191 411 210 442 8
239 417 375 457 posse:
395 404 547 454 quippe
574 403 613 442 in
643 402 690 441 iis
717 403 812 442 locis
842 403 945 442 hunc
966 403 1142 453 coegisse
1163 402 1389 449 exercitum,
1420 402 1557 453 quibus
1579 402 1640 441 ille

238 461 423 501 maiorem
446 464 595 511 partem
618 459 781 499 militum
798 459 898 498 fame
915 472 958 498 ac
976 459 1133 510 frigore,
1157 472 1252 510 quae
1268 459 1484 498 miserrima
1500 459 1638 497 mortis

189 524 209 553 9
237 529 374 569 genera
402 516 496 563 sint,
526 516 732 555 amisisset.
773 515 985 555 adiciebant
1004 517 1117 555 etiam
1140 515 1252 567 periti
1273 528 1402 554 rerum
1423 514 1640 566 Hispaniae,

169 748 206 779 10

153 854 206 891 45

237 574 337 613 haud
364 585 450 612 cum
473 573 606 623 ignoto
630 585 717 612 eum
742 572 838 612 duce
859 572 898 611 C.
921 572 1074 612 Nerone
1096 584 1412 623 congressurum,
1433 571 1500 610 sed
1523 583 1640 622 quem

237 631 276 669 in
298 630 396 669 saltu
416 629 602 680 impedito
626 630 840 680 deprensus
862 629 967 667 forte
983 629 1084 668 haud
1103 642 1214 668 sec-us
1233 641 1347 680 quam
1364 639 1527 680 puerum
1545 639 1639 666 con-

238 686 452 726 scribendis
496 685 692 724 fallacibus
730 685 1024 724 condicionibus
1061 685 1167 736 pacis
1207 685 1418 724 frustratus
1450 683 1639 723 elusisset.

237 743 366 782 omnia
394 742 541 781 maiora
569 742 683 780 etiam
706 754 795 779 vero
814 741 1004 791 praesidia
1025 742 1216 789 hostium,
1245 742 1396 780 minora
1419 753 1506 787 sua,
1535 744 1642 779 metu

236 800 446 850 interprete
468 810 623 849 semper
645 797 683 836 in
705 798 896 836 deteriora
914 797 1109 844 inclinato,
1133 799 1338 837 ducebant.

348 855 450 894 Nero
471 859 680 905 postquam
702 858 853 892 tantum
871 854 1121 895 intervallicab
1143 855 1256 894 hoste
1275 855 1429 899 fecerat,
1451 858 1495 892 ut
1518 852 1642 903 detegi

236 911 440 951 consilium
457 910 549 950 satis
565 915 692 949 tutum
711 915 824 952 esset.
842 910 975 961 paucis
992 911 1133 949 milites
1151 911 1374 962 alloquitur:
1398 914 1512 960 negat
1526 909 1641 948 ullius

236 968 440 1007 consilium
462 966 709 1019 imperatoris
732 967 769 1005 in
792 967 962 1017 speciem
984 967 1182 1013 audacius,
1212 980 1253 1006 re
1274 967 1359 1018 ipsa
1379 967 1499 1006 tutius
1520 966 1642 1004 fuisse

235 1037 350 1075 quam
373 1037 508 1071 suum,
531 1024 576 1063 ad
600 1029 744 1063 certam
765 1036 832 1062 eos
854 1036 895 1062 se
918 1023 1113 1062 victoriam
1137 1024 1293 1062 ducere:
1316 1023 1458 1074 quippe
1474 1022 1520 1061 ad
1538 1021 1642 1072 quod

234 1081 374 1120 bellum
405 1081 545 1131 collega
566 1092 647 1118 non
669 1085 770 1126 ante,
802 1092 916 1131 quam
938 1081 984 1119 ad
1007 1080 1221 1119 satietatem
1242 1080 1365 1131 ipsius
1387 1079 1560 1130 peditum
1583 1083 1641 1117 at-

234 1150 306 1188 que
330 1138 501 1188 equitum
524 1137 631 1176 datae
652 1137 698 1176 ab
722 1142 858 1175 senatu
879 1137 1012 1187 copiae
1033 1137 1199 1176 fuissent
1219 1137 1386 1175 maiores
1408 1135 1638 1174 instructio-
1694 1135 1708 1143 ”

234 1206 391 1245 resque,
420 1206 534 1245 quam
558 1194 590 1231 si
612 1194 797 1232 adversus
820 1193 950 1244 ipsum
972 1193 1225 1232 Hannibalem
1248 1194 1330 1239 iret,
1354 1192 1552 1243 profectus
1577 1191 1638 1236 sit,

235 1264 279 1289 eo
310 1251 436 1301 ipsos,
474 1255 831 1300 quantumcumque
859 1249 997 1288 virium
1027 1255 1268 1288 momentum
1292 1249 1529 1294 addiderint,
1558 1259 1641 1286 rem

236 1319 392 1345 omnem
429 1306 693 1345 inclinaturos.
741 1306 914 1344 auditum
951 1307 1069 1344 modo
1107 1306 1144 1344 in
1173 1306 1252 1344 acie
1280 1329 1335 1333 —
1359 1318 1448 1344 nam
1480 1317 1526 1342 ne
1555 1308 1641 1343 ante

235 1363 450 1409 audiretur,
474 1363 651 1401 daturum
676 1375 832 1413 operam
855 1385 909 1390 —
931 1362 1091 1401 alterum
1114 1362 1312 1400 consulem
1335 1367 1371 1400 et
1392 1361 1551 1399 alterum
1575 1373 1641 1398 ex-

236 1421 396 1459 ercitum
419 1420 623 1458 advenisse
645 1419 744 1457 baud
767 1418 921 1457 dubiam
943 1418 1141 1457 victoriam
1164 1419 1378 1457 facturum:
1400 1418 1543 1456 famam
1560 1416 1641 1454 bel-

234 1534 336 1564 neris.
355 1550 397 1554 —
415 1542 499 1573 quae
516 1550 557 1553 ——
581 1532 651 1562 sint
666 1531 747 1562 wird
766 1532 903 1562 muisis-

234 1580 310 1609 sent
330 1576 520 1617 gegeniiber
536 1576 585 1607 als
603 1576 819 1616 allgemeiner
837 1574 902 1606 Ge-

236 1622 342 1654 danke
366 1622 576 1660 bezeichnet3
601 1622 667 1661 vgl.
693 1621 751 1661 22,
777 1620 837 1661 32,
862 1621 901 1659 93

235 1667 288 1707 26,
307 1667 360 1707 24,
380 1667 410 1698 5.

280 1712 400 1744 9—10.
426 1711 533 1743 Neres
547 1710 770 1752 Unf‘abigkeit.
788 1728 833 1733 —
845 1721 903 1753 pe-

234 1759 294 1790 m'tz'
309 1757 364 1797 H.,
389 1757 479 1788 seine
498 1756 750 1796 Ueberlistung,
769 1755 829 1796 26,
853 1756 901 1795 17,

235 1802 325 1833 wiire
356 1803 444 1833 nicht
470 1802 644 1842 allgemein
674 1802 819 1833 bekannt
847 1811 903 1841 ge-

235 1848 382 1879 worden.
397 1865 441 1870 —-
453 1847 622 1890 impedito,
641 1858 666 1878 s.
683 1849 711 1887 9,
730 1846 760 1886 2,
777 1846 813 1878 S:
833 1846 902 1879 sal-

236 1896 307 1925 tum
335 1892 488 1924 altiorem
510 1892 833 1936 impedirioremque.
860 1911 903 1914 —

231 1939 342 1980 sorte,
366 1948 418 1969 um
437 1937 621 1969 Hasdrubal
641 1949 680 1969 zu
700 1937 902 1969 entscbuldi-

235 1994 315 2023 gen,
341 1984 405 2014 und
430 1983 519 2014 Nero
545 1984 633 2014 nicht
657 1983 707 2014 ein
725 1981 905 2014 Verdienst

235 2028 328 2060 dabei
353 2029 624 2059 zuzuschreiben.
649 2047 693 2051 -—
717 2028 814 2063 elna,
840 2028 903 2058 ihm

235 2073 439 2114 mitgespielt
456 2073 553 2113 habe,
578 2083 604 2103 s.
625 2073 683 2111 28,
708 2072 767 2111 44,
790 2072 840 2103 17.
860 2091 903 2094 -

236 2120 366 2149 maiora
383 2128 472 2156 vero,
491 2116 610 2159 Zumpt
623 2116 643 2158 ξ
657 2116 732 2148 484.
748 2134 791 2140 ——
803 2127 903 2159 prae-

235 2163 339 2203 sidia,
363 2161 583 2201 Hiilfsmittel,
608 2162 780 2203 Truppen,
804 2162 902 2193 Feld-

236 2210 355 2239 herren
379 2219 410 2239 11.
429 2218 455 2239 s.
475 2217 515 2239 w.
535 2226 578 2230 —
595 2209 795 2249 interprete,
821 2207 900 2238 nach

236 2254 297 2284 den
316 2253 563 2293 Eingebungen.
580 2271 624 2275 -—-
640 2253 815 2292 inclinato,
839 2253 902 2283 im-

236 2308 306 2329 mer
323 2299 466 2340 geneigt,
484 2298 577 2329 Alles
597 2298 676 2329 nach
694 2298 753 2328 der
770 2296 823 2328 fiir
840 2298 900 2328 den

239 2343 466 2374 Fiircbtenden
492 2343 732 2383 nachtbeiligen
751 2342 841 2373 Seite
860 2353 900 2372 zu

238 2389 385 2427 nehmen,
404 2399 430 2421 s.
449 2388 501 2427 21,
521 2388 574 2427 32,
594 2388 629 2426 ῖς
650 2388 702 2425 2S,
721 2387 774 2425 31,
792 2387 830 2425 43
847 2386 900 2427 39,

237 2434 272 2471 3,
293 2434 329 2472 ὓς
356 2433 434 2465 Tac.
453 2435 517 2465 An.
538 2433 593 2474 14,
618 2432 675 2464 43:
702 2435 735 2464 in
753 2432 903 2464 (leterius

237 2481 374 2510 mutari.

282 2517 350 2554 45.
380 2523 475 2554 1—3.
494 2526 612 2555 interr.
631 2525 829 2564 —J'eccrat,
845 2524 903 2554 be·-

237 2568 336 2599 uirkt
351 2569 452 2606 batte,
469 2569 544 2599 dass
560 2569 631 2600 eine
647 2579 683 2599 so
697 2578 814 2609 grosse
823 2568 906 2600 Ent-

238 2611 377 2651 sernung
401 2618 483 2644 stalt
506 2615 611 2652 hatte,
639 2614 690 2644 ein
716 2624 751 2644 so
770 2623 905 2654 grosser

239 2656 339 2688 Raum
358 2659 521 2689 zwiscbeu
541 2659 603 2689 ihm
618 2659 682 2690 und
696 2660 767 2690 dem
783 2659 904 2690 Fcinde

976 1530 1038 1570 lag,
1056 1540 1082 1561 s.
1101 1530 1154 1571 24,
1173 1531 1202 1570 7,
1221 1531 1259 1569 ὃς
1278 1529 1331 1570 28,
1352 1529 1409 1569 16,
1430 1527 1463 1559 3:
1489 1528 1587 1570 idque
1603 1528 1644 1560 ab

975 1574 1166 1616 legionibus
1188 1594 1231 1598 —-
1254 1575 1463 1617 aliquantum
1478 1572 1647 1605 intervalli

964 1621 1073 1662 fecitg
1092 1622 1218 1662 facere
1240 1620 1455 1652 intervallum
1486 1619 1529 1650 ist
1554 1618 1643 1650 stiir-

976 1666 1036 1696 ker
1052 1666 1101 1696 als
1119 1666 1313 1703 abscedere,
1337 1665 1417 1696 aber
1439 1665 1499 1695 der
1516 1663 1643 1704 gleiche

976 1710 1102 1750 Begriff
1121 1712 1177 1742 hat
1198 1713 1239 1743 ab
1263 1710 1464 1742 veranlasst.
1487 1727 1531 1731 —
1555 1718 1592 1739 eo
1611 1719 1641 1739 ne

976 1755 1072 1788 bello:
1091 1756 1122 1786 in
1141 1757 1263 1787 diesem
1281 1753 1437 1796 Rampfe,
1463 1754 1499 1794 S,
1526 1753 1582 1792 10,
1608 1753 1641 1784 7:
1697 1763 1700 1765 Α

974 1803 1046 1832 eius
1065 1802 1154 1840 belli,
1179 1801 1231 1843 21,
1248 1801 1279 1841 8,
1299 1800 1336 1840 23
1356 1800 1408 1839 22,
1427 1799 1479 1838 51,
1497 1799 1530 1829 1:
1551 1801 1643 1830 tanto

975 1845 1074 1883 bello,
1090 1846 1143 1887 37,
1158 1846 1211 1886 30,
1226 1847 1262 1885 ὃς
1278 1857 1308 1877 u.
1324 1856 1372 1883 a.;
1387 1844 1470 1876 iiber
1483 1843 1642 1883 denAbl.‚

976 1892 1037 1922 den
1056 1891 1092 1923 L.
1118 1892 1223 1923 neben
1247 1893 1279 1923 in
1310 1890 1391 1923 bello
1414 1889 1567 1931 braucllt,
1589 1887 1640 1929 29,

977 1936 1035 1976 26,
1063 1937 1096 1975 13
1123 1937 1182 1977 24,
1208 1936 1244 1976 3,
1269 1936 1308 1974 23
1334 1935 1392 1974 36,
1419 1934 1477 1975 22,
1502 1934 1521 1964 2
1545 1943 1640 1972 u.a.;

976 1981 1110 2021 Madvig
1125 1992 1226 2013 verm.
1237 1984 1303 2024 ipsi
1315 1983 1354 2021 si,
1365 1981 1461 2011 allein
1473 1991 1510 2011 eo
1520 1980 1568 2011 als
1577 1979 1644 2010 Ad-

975 2027 1068 2058 verb.
1083 2027 1139 2058 mit
1153 2027 1345 2058 addiderint
1360 2025 1589 2056 zuverbinden
1600 2024 1643 2054 ist

976 2072 1065 2103 nicht
1086 2070 1304 2112 notlnvendig,
1323 2071 1387 2101 und
1408 2071 1465 2101 der
1484 2068 1641 2100 Gedanke

975 2117 1066 2147 wiire
1090 2117 1237 2156 weniger
1261 2116 1344 2146 klar.
1370 2133 1413 2137 --
1436 2114 1641 2152 inclinatur„

976 2161 1034 2191 der
1051 2161 1181 2202 Tropus
1205 2162 1251 2192 ist
1273 2171 1336 2192 von
1363 2161 1421 2191 der
1439 2159 1547 2199 VVage
1567 2163 1640 2190 ent-

974 2206 1079 2237 lebnt:
1106 2207 1152 2237 sie
1176 2206 1328 2245 xviirden,
1359 2215 1453 2235 wenn
1478 2205 1558 2236 auch
1584 2204 1641 2235 das

974 2252 1025 2282 die
1051 2252 1202 2291 Neigung
1230 2252 1290 2282 der
1320 2251 1414 2282 einen
1440 2248 1640 2289 Wagschale

974 2297 1184 2328 bewirkende
1204 2296 1640 2335 Uebergewicht'(momen-

974 2344 1056 2381 tum)
1077 2343 1158 2373 noch
1178 2352 1214 2372 so
1232 2343 1348 2381 gering
1364 2341 1467 2379 wiire,
1483 2339 1563 2371 doch
1578 2339 1640 2370 den

974 2387 1160 2427 Ausschlag
1177 2387 1291 2428 geben,
1310 2386 1361 2427 32,
1380 2385 1431 2425 30,
1448 2385 1483 2416 7:
1502 2395 1571 2416 rem
1592 2386 1640 2415 to-

976 2435 1042 2463 tam
1061 2433 1277 2469 inclinarentr,
1298 2432 1326 2469 T,
1349 2430 1399 2469 12,
1420 2431 1456 2468 73
1478 2429 1505 2470 1,
1525 2429 1579 2469 27,
1598 2428 1629 2459 6.

1021 2477 1131 2508 4—6.
1165 2477 1335 2517 auditum,
1363 2486 1459 2507 wenn
1482 2485 1553 2506 man
1578 2483 1640 2504 nur

977 2523 1073 2561 li'ore,
1099 2533 1133 2553 es
1159 2520 1296 2553 bediirfe
1322 2522 1428 2552 nichts
1448 2521 1566 2551 weirer
1589 2519 1638 2550 als

977 2578 1008 2598 u.
1028 2578 1053 2598 s.
1074 2577 1126 2603 w.,
1148 2568 1175 2604 7,
1195 2567 1225 2603 2,
1246 2566 1282 2605 3;
1307 2566 1389 2597 iiber
1406 2567 1464 2597 das
1482 2564 1637 2605 Particip.

979 2623 1004 2643 s.
1024 2623 1051 2643 c.
1071 2612 1128 2649 37,
1147 2613 1185 2650 ὃς
1211 2611 1269 2649 28,
1289 2611 1347 2649 26,
1372 2611 1402 2641 ’7.
1420 2628 1463 2633 -
1479 2620 1559 2641 ηαηι
1581 2608 1638 2639 be—

979 2658 1066 2688 ziebt
1085 2658 1152 2688 sich
1171 2656 1228 2688 auf
1248 2658 1282 2688 in
1301 2658 1380 2688 acie.
1398 2656 1589 2697 —-‚samam
1607 2655 1637 2685 b.
