1784 2967
197 373 215 383 n

203 385 211 404 Ι

196 488 214 519 8

195 652 214 682 9

173 822 213 854 10

172 993 207 1024 11

170 1155 210 1186 12

170 1270 210 1302 13

170 1385 209 1417 14

711 260 838 294 LIBER
854 261 980 294 XXIV.
1013 261 1108 295 CAP.
1126 261 1181 293 22.
1499 280 1524 297 a.
1540 279 1568 297 u.
1583 271 1644 299 540.

246 264 298 303 50

246 364 335 404 sulti
361 364 525 403 fuerant.
573 368 613 402 ut
639 368 793 402 ventum
817 363 862 402 ad
885 363 1210 402 Andranodorum
1230 368 1307 410 est,
1336 364 1467 415 ipsum
1489 365 1644 416 quidem

244 420 423 459 movebat
449 425 485 459 et
512 419 649 458 civium
678 431 893 458 consensus
921 424 957 458 et
978 432 1064 458 cum
1086 419 1178 457 aliae
1199 425 1406 470 occupatae
1427 421 1531 460 urbis
1553 433 1643 472 par-

244 484 300 516 tes
322 482 403 515 tum
427 489 514 528 pars
537 476 686 515 Insulae
706 477 762 514 vel
784 476 1042 514 munitissima
1063 475 1213 526 prodita
1231 481 1345 526 atque
1365 476 1534 516 alienata.
1575 478 1644 517 sed

243 539 442 572 evocatum
473 545 560 571 eum
590 532 636 571 ab
663 533 797 583 legatis
819 533 1019 571 Damarata
1048 544 1162 577 uxor,
1191 531 1263 570 lilia
1285 532 1484 579 Hieronis,
1515 534 1643 573 inflata

244 590 369 629 adhuc
396 589 510 640 regiis
533 589 670 628 animis
692 602 734 627 ac
755 588 930 627 muliebri
952 588 1109 638 spirim,
1137 588 1322 627 admonet
1342 601 1456 639 saepe
1476 602 1644 641 usurpa—

244 652 302 685 tae
322 646 479 697 Dionysi
507 646 657 697 tyranni
686 645 807 692 vocis,
836 657 909 695 qua
937 643 1101 694 pedibus
1123 648 1288 683 tractum
1310 657 1390 684 non
1412 646 1643 685 insidentem

243 715 342 753 equo
364 702 578 753 relinquere
598 702 835 752 tyrannidem
859 700 995 738 dixerit
1016 700 1167 739 dehere.
1205 701 1313 740 facile
1334 715 1421 740 esse
1442 708 1642 742 momento

243 771 319 810 quo
342 758 427 810 quis
450 759 537 796 velit
559 759 692 796 cedere
713 756 965 808 possessione
987 769 1146 807 magnae
1165 756 1500 804 fortunae-facere
1520 763 1557 797 et
1572 772 1643 810 pa-

241 827 325 853 rare
352 828 434 853 eam
464 814 614 853 diflicile
639 820 749 864 atque
770 814 934 852 arduum
957 825 1055 852 esse.
1096 813 1264 864 spatium
1286 820 1457 853 sumeret
1476 815 1523 854 ad
1545 828 1641 854 con-

242 871 461 909 sultandum
490 871 535 908 ah
563 870 711 919 legatis3
743 882 788 907 eo
816 874 988 907 uteretur
1016 869 1060 907 ad
1087 871 1342 909 arcessendos
1371 884 1414 909 ex
1441 871 1640 910 Leontinis

242 927 391 973 milites,
416 927 554 977 quihus
576 926 607 964 si
629 926 828 977 pecuniam
851 925 993 975 regiam
1016 926 1208 976 pollicitus
1226 932 1341 973 esset,
1365 927 1492 966 omnia
1510 928 1550 966 in
1567 941 1642 978 po-

240 988 376 1022 testate
398 984 478 1021 cius
500 983 640 1021 futura.
681 983 774 1020 haec
796 982 992 1020 muliebria
1014 982 1173 1021 consilia
1195 983 1499 1023 Andranodorus
1517 996 1642 1035 neque

239 1045 320 1078 tota
348 1044 576 1090 aspernatus
605 1044 674 1083 est,
702 1051 828 1089 neque
856 1039 1046 1089 extemplo
1077 1039 1240 1089 accepit,
1267 1040 1449 1078 tutiorem
1475 1041 1519 1079 ad
1544 1053 1640 1092 opes

239 1094 482 1134 adfectandas
510 1101 613 1133 ratus
642 1108 727 1134 esse
754 1095 873 1140 viam,
904 1095 936 1133 si
958 1095 995 1132 in
1019 1096 1236 1146 praesentia
1255 1097 1423 1147 tempori
1444 1097 1638 1136 cessisset.

239 1152 365 1203 itaque
392 1152 535 1202 legatos
563 1152 782 1190 renuntiare
807 1151 919 1189 iussit
945 1151 1117 1190 futurum
1147 1165 1188 1190 se
1210 1152 1249 1190 in
1271 1158 1426 1192 senatus
1448 1166 1490 1192 ac
1507 1154 1639 1204 populi

239 1214 441 1259 potestate.
484 1213 642 1258 postero
665 1209 724 1246 die
744 1208 825 1246 lucc
847 1208 970 1258 prima
993 1209 1191 1259 patefactis
1212 1209 1361 1248 Insulae
1382 1210 1504 1260 portis
1522 1209 1560 1248 in
1577 1211 1639 1248 fo-

239 1277 325 1303 rum
344 1265 580 1303 Achradinae
602 1265 714 1303 venit.
755 1264 806 1302 ihi
823 1264 860 1302 in
878 1277 980 1303 aram
1000 1264 1248 1312 Concordiae,
1271 1279 1315 1304 ex
1333 1278 1404 1316 qua
1423 1266 1544 1317 pridie
1559 1267 1639 1305 Po—

238 1321 392 1372 lyaenus
415 1321 658 1359 contionatus
681 1327 778 1367 erat,
802 1321 986 1367 escendit,
1009 1322 1303 1372 orationemque
1324 1335 1407 1361 eam
1430 1335 1542 1361 orsus
1566 1327 1636 1370 est,

239 1390 313 1429 qua
344 1377 511 1428 primum
541 1377 794 1416 cunctationis
823 1390 915 1416 suae
943 1379 1091 1417 veniam
1118 1378 1270 1429 petivit:
1303 1392 1345 1417 se
1366 1378 1467 1417 enim
1491 1379 1637 1418 clausas

236 1512 267 1543 d.
285 1522 326 1550 r.,
346 1512 512 1552 s.1,49‚7.
530 1511 900 1554 —s11e1=antz.§366.

233 1575 278 1579 ———
293 1559 424 1595 munit„
443 1568 468 1588 s.
488 1568 528 1588 zu
547 1568 572 1588 c.
589 1558 638 1598 23,
655 1558 685 1589 4.
702 1558 901 1601 —prodita,

236 1603 315 1633 nach
334 1603 393 1633 dei·
407 1603 544 1634 Ansicht
559 1604 615 1633 des
627 1603 898 1635 Andranodorus.

280 1647 594 1686 8—10.e2·0c·atmn,
605 1649 690 1679 hier:
709 1647 898 1690 abgerufen,

236 1692 288 1723 bei
307 1692 396 1723 Seite
416 1694 472 1727 (ab
491 1693 627 1735 legalis)
653 1693 806 1733 gerufen,
831 1694 898 1734 vgl.

235 1748 261 1768 c.
284 1737 318 1775 1,
338 1738 368 1768 5.
410 1737 475 1769 Das
495 1738 512 1779 ξ
532 1738 651 1769 8-Ῑῦ
671 1738 815 1778 Gesagte
840 1739 898 1770 be-

234 1782 333 1813 reitet
365 1783 424 1813 den
459 1783 674 1823 eigentliehen
706 1783 893 1823 Gegensatz

233 1837 273 1857 zu
304 1827 433 1869 quidem
458 1826 478 1869 ξ
504 1830 538 1867 7,
565 1828 745 1871 welcher§
767 1828 835 1860 llf.
862 1830 893 1861 in

230 1872 372 1903 anderer
390 1872 487 1903 Forrn
506 1871 605 1913 folgt‚
630 1884 691 1904 nur
708 1885 787 1913 vor3
807 1876 893 1906 denn

231 1917 330 1948 durch
350 1918 401 1948 die
420 1918 670 1959 Erinnerungen
696 1920 755 1950 der
774 1919 893 1951 Dama-

231 1967 301 1993 rata
321 1963 402 1993 wird
417 1964 603 1996 Andr-anod.
620 1965 789 2005 bewogen,
806 1966 894 1996 nicht

230 2006 422 2046 aufrichtig,
445 2019 539 2039 wozu
557 2019 594 2039 er
611 2009 716 2040 selbst
733 2010 800 2040 sich
820 2011 894 2041 hin-

230 2052 349 2092 neigte,
367 2053 507 2083 sondern
524 2064 584 2084 nur
597 2054 802 2085 einstweilen
818 2066 891 2086 zum

231 2096 370 2127 Scheine
389 2097 455 2128 sich
473 2108 512 2128 an
532 2098 633 2129 Senat
650 2100 713 2130 und
732 2099 818 2131 Volk
831 2111 891 2131 an-

229 2142 467 2172 zuschliessen.
490 2161 531 2164 —
562 2143 764 2185 Damarata,
801 2146 893 2176 dori—

230 2187 306 2217 sche
326 2186 441 2225 Form,
468 2192 560 2218 sonst
582 2188 783 2230 Damarata,
814 2201 840 2222 s.
861 2201 889 2222 c.

229 2231 280 2271 25,
301 2231 351 2262 11.
370 2250 411 2253 ——
429 2232 548 2272 adhue,
567 2234 597 2269 (ἰ,
617 2233 668 2273 33,
688 2234 718 2264 3.
751 2253 793 2257 —
817 2237 892 2266 αηί-

227 2278 436 2319 mis—spir.
455 2277 558 2316 Stolz,
577 2277 772 2317 Hochmuth3
791 2280 890 2311 hoch-

227 2320 404 2352 sahrender
418 2322 508 2352 Sinn.
528 2340 572 2345 —
588 2327 754 2365 usurpat„
773 2325 823 2356 die
843 2324 890 2357 oft

226 2367 305 2397 auch
325 2377 386 2397 von
406 2366 575 2407 Anderen,
600 2368 686 2399 nicht
708 2369 804 2400 allein
825 2381 886 2401 von

227 2411 363 2453 Dionys.
381 2412 597 2451 gebrauchte,
619 2412 825 2451 angeffihrte.
843 2433 888 2438 —

225 2455 377 2498 Dionysi,
399 2468 459 2487 von
480 2458 541 2488 ihm
559 2467 807 2497 ausgegangen;
828 2471 886 2491 an-

225 2501 301 2531 ders
336 2502 467 2533 Diodor.
505 2502 543 2533 14
557 2527 564 2541 ,
600 2502 639 2533 S:
684 2501 887 2546 προσήκειν

226 2543 340 2589 ἔφησε
361 2546 539 2585 (Philistus)
559 2546 639 2579 δεῖν
657 2543 722 2579 οὐκ
744 2546 803 2590 ἐφ’
825 2550 886 2581 ἵπ-

225 2592 469 2627 71011295011105
491 2591 658 2632 ἐκπηδᾶν
682 2591 719 2623 ἐκ
743 2594 804 2632 τῆς
828 2605 887 2625 τυ-

225 2635 409 2678 ρανιίἰΐος,
428 2633 516 2667 ἀλλὰ
535 2639 597 2668 τοῦ
615 2638 763 2672 σκέλους
786 2635 886 2669 ἑλκό-

223 2690 338 2723 μενον
356 2684 602 2726 προπίπτειν,
624 2684 704 2714 doch
723 2683 804 2714 wir-d
824 2694 886 2715 von

975 1513 1132 1545 Philistus
1151 1513 1255 1545 selbst
1272 1513 1324 1544 hei
1343 1513 1429 1545 Plut.
1447 1513 1519 1546 Dio.
1539 1512 1580 1544 35
1605 1513 1637 1545 in

973 1558 1105 1591 Abrede
1119 1559 1265 1599 gestellt,
1284 1559 1359 1589 dass
1375 1569 1412 1590 er
1425 1559 1538 1590 diesen
1553 1558 1636 1590 Rath

974 1604 1110 1635 ertheilt
1128 1604 1220 1635 habe.
1249 1622 1294 1626 -
1326 1613 1401 1645 vom,
1420 1615 1485 1646 qua
1502 1604 1584 1643 dix„
1609 1614 1636 1636 s.

973 1648 1129 1689 25,32,o.
1148 1667 1194 1672 —
1207 1648 1317 1692 pedib.
1333 1652 1386 1689 tra,
1406 1649 1471 1689 vgl.
1488 1648 1634 1681 Cic.Att.

972 1694 1002 1733 4,
1023 1694 1073 1733 16,
1095 1694 1145 1724 to.
1165 1713 1207 1716 ——
1227 1694 1357 1735 debere,
1376 1704 1447 1725 man
1467 1692 1573 1725 diirfe.
1591 1712 1635 1717 —

970 1742 1151 1778 momento,
1170 1738 1223 1779 21,
1246 1739 1295 1778 14,
1315 1739 1345 1770 3.
1363 1757 1407 1761 —
1423 1739 1470 1770 ad
1484 1739 1634 1781 consult„

966 1785 1098 1816 absolut
1115 1784 1306 1824 gebraucht.
1332 1783 1440 1816 Ueber
1453 1784 1504 1815 die
1516 1783 1634 1816 W'ort-

965 1830 1112 1869 stellung
1130 1839 1156 1861 s.
1176 1829 1228 1867 25,
1249 1829 1278 1867 7,
1299 1828 1328 1860 7.
1346 1847 1390 1851 —
1417 1829 1558 1870 milites,
1581 1829 1633 1861 die

966 1875 1110 1906 Soldner
1139 1875 1196 1906 des
1221 1874 1454 1916 Hieronymus.
1485 1893 1530 1897 —
1560 1884 1634 1918 pec.

966 1931 1050 1962 regu,
1060 1920 1236 1951 reichliehe
1249 1919 1441 1951 Geschenke
1455 1930 1514 1951 aus
1524 1929 1631 1951 u.s.w.

1013 1984 1154 2017 11—12.
1179 1985 1369 2025 muliebria,
1391 1985 1462 2015 dem
1476 1984 1633 2024 erregba·

964 2041 1033 2069 ren,
1048 2029 1371 2062 leidenschal'tlichen
1382 2029 1564 2060 Charakter
1574 2039 1632 2061 an-

963 2086 1146 2117 gemessen,
1162 2075 1292 2115 s.1,47,
1303 2075 1385 2106 7.—
1400 2077 1480 2113 tota,
1495 2075 1560 2115 vgl.
1577 2074 1630 2116 22,

965 2122 1022 2161 50,
1043 2122 1072 2152 5.
1091 2138 1136 2143 —
1153 2119 1320 2162 &rtemplo
1345 2120 1390 2151 ist
1404 2130 1465 2150 nur
1482 2118 1629 2151 insofern

964 2165 1168 2206 Gegensatz,
1193 2165 1242 2196 als
1262 2166 1335 2205 der,
1359 2165 1505 2196 welcher
1524 2169 1628 2196 etwas

962 2212 1050 2243 nicht
1064 2211 1210 2250 sogleich
1229 2210 1399 2248 annimmt,
1430 2220 1465 2241 es
1485 2209 1628 2241 zuriick-

963 2257 1129 2287 zuweisen
1148 2256 1285 2286 scheint.
1303 2274 1347 2278 —
1362 2266 1414 2298 op.
1432 2255 1576 2296 adfect„
1600 2265 1627 2287 s.

965 2302 991 2342 1,
1015 2302 1074 2338 46,
1094 2301 1130 2332 2:
1159 2311 1211 2331 um
1237 2301 1352 2342 spater
1375 2301 1440 2332 sich
1461 2300 1570 2331 Macht
1587 2311 1628 2331 zu

960 2346 1182 2383 verschaffen,
1208 2346 1318 2376 sehien
1345 2356 1380 2377 es
1399 2346 1461 2376 ihm
1480 2345 1628 2376 sicherer

960 2390 1015 2422 fiir
1035 2391 1125 2432 jetzt
1144 2401 1175 2422 u.
1201 2401 1226 2422 s.
1251 2401 1293 2422 w.
1311 2409 1356 2413 —
1377 2391 1502 2433 infor.
1520 2390 1625 2422 Ackr.

959 2437 1024 2477 vgl.
1044 2436 1064 2478 ξ
1086 2436 1112 2468 1.

1008 2504 1150 2536 13-14.
1187 2516 1231 2536 ατ
1259 2515 1324 2546 qua
1350 2503 1412 2534 wie
1441 2501 1461 2544 ξ
1494 2502 1520 2533 l.
1543 2513 1625 2546 pro:

959 2561 1022 2580 von
1038 2550 1076 2581 da
1091 2552 1326 2589 aus.c1mctat.‚
1341 2559 1366 2580 s.
1382 2548 1412 2588 2,
1430 2547 1480 2586 18,
1494 2547 1550 2586 103
1571 2547 1623 2588 38,

962 2595 1018 2633 13,
1047 2595 1102 2625 12:
1134 2597 1265 2626 veniam
1293 2595 1421 2626 erroris
1445 2594 1624 2635 petebant:

960 2650 996 2670 er
1025 2640 1132 2670 kiinne
1162 2639 1220 2670 auf
1244 2639 1423 2671 Nachsicht
1451 2638 1623 2680 Anspruch

959 2686 1110 2725 macheu,
1138 2685 1176 2716 da
1195 2696 1232 2716 er
1250 2695 1311 2716 nur
1328 2683 1464 2716 deshalb
1482 2693 1512 2714 u.
1533 2693 1559 2714 s.
1579 2692 1621 2714 w.

1669 879 1708 911 10

1667 1159 1706 1191 15

1764 1945 1768 1961 t
