1784 2967
146 522 182 553 11

144 636 182 668 12

144 800 182 832 13

144 917 183 948 14

144 1032 182 1064 15

135 1248 187 1288 27

646 240 772 274 LIBER
788 241 899 274 XXV.
932 241 1024 274 CAP.
1042 241 1094 274 26.
1113 242 1166 274 27.
1473 258 1498 276 a.
1513 258 1542 276 u.
1557 251 1617 277 542.

212 243 291 284 168

216 345 386 391 animos,
421 349 465 383 ut
491 356 571 382 non
597 343 716 382 modo
744 343 909 383 lacrimis
936 344 1117 395 iustoque
1147 344 1376 395 conploratu
1406 356 1618 394 proseque-

215 407 351 440 rentur
383 406 580 447 mortuos,
613 400 679 439 sed
708 411 756 439 ne
785 402 962 439 efferrent
991 401 1144 451 quidem
1174 406 1239 439 aut
1265 400 1485 451 sepelirent,
1518 400 1618 439 iace-

214 464 376 508 rentque
411 462 529 495 strata
564 456 737 495 exanima
765 469 928 507 corpora
956 457 994 495 in
1023 462 1233 507 conspectu
1259 456 1422 495 similem
1450 462 1616 495 mortem

215 513 517 564 expectantium,
553 512 772 563 mortuique
798 525 954 563 aegros,
985 513 1087 563 aegri
1116 512 1261 551 validos
1290 524 1375 551 cum
1404 518 1509 551 metu
1536 518 1619 552 tum

215 570 301 608 tabe
324 582 367 607 ac
384 569 570 619 pestifero
596 570 714 608 odore
736 581 945 619 corporum
969 570 1214 608 conficerent.
1257 574 1293 607 et
1313 574 1354 607 ut
1369 569 1471 606 ferro
1490 569 1618 620 potius

215 631 479 672 morerentur,
515 626 667 676 quidam
698 626 925 664 invadebant
953 626 1024 664 soli
1052 626 1223 664 hostium
1250 625 1449 663 stationes.
1498 625 1617 663 multo

213 687 341 720 tamen
372 682 427 720 vis
454 682 577 720 maior
602 682 722 733 pestis
752 681 974 720 Poenorum
999 687 1123 721 castra
1147 694 1261 733 quam
1283 682 1458 720 Romana
1478 703 1533 708 —
1555 681 1618 720 diu

215 738 535 777 circumsedendo
565 738 776 789 Syracusas
813 738 914 776 caelo
952 738 1138 789 aquisque
1175 739 1381 777 adsuerant
1415 736 1537 787 magis
1565 760 1620 765 —

214 795 421 845 adfecerat.
463 808 507 833 ex
529 795 701 832 hostium
723 794 891 832 exercitu
913 793 1040 839 Siculi,
1067 800 1108 833 ut
1128 794 1296 845 primum
1319 794 1444 832 videre
1466 806 1510 832 ex
1532 806 1619 844 gra-

212 851 326 889 vitate
347 851 420 889 loci
442 851 585 900 volgari
608 850 780 895 morbOS,
804 850 843 888 in
865 862 954 888 suas
977 850 1140 902 quisque
1162 851 1401 901 propinquas
1423 850 1536 888 urbes
1560 850 1618 888 di-

214 906 313 957 lapsi
347 912 454 953 sunt,
487 913 521 944 et
552 906 904 956 Carthaginienses,
933 907 1072 956 quibus
1100 919 1291 958 nusquam
1320 912 1499 957 receptus
1526 912 1619 953 erat,

215 975 302 1002 cuni
325 963 419 1013 ipsis
444 963 609 1001 (lucibus
626 962 860 1013 Hippocrate
882 968 994 1012 atque
1015 963 1228 1001 Himilcone
1249 963 1293 1001 ad
1317 963 1620 1001 internecionem

215 1031 351 1057 omnes
374 1019 584 1069 perierunt.
625 1018 844 1063 Marcellus,
873 1024 914 1056 ut
933 1024 1036 1057 tanta
1058 1019 1113 1057 vis
1136 1019 1340 1070 ingruebat
1361 1019 1464 1064 mali,
1488 1019 1621 1057 tradu—

212 1081 318 1114 xerat
344 1075 382 1113 in
407 1075 538 1113 urbem
563 1088 656 1113 suos
680 1075 907 1125 infirmaque
930 1087 1093 1125 corpora
1114 1080 1211 1113 tecta
1234 1081 1269 1113 et
1290 1075 1450 1113 umbrae
1471 1087 1620 1113 recrea-

212 1137 358 1170 verant.
399 1131 507 1170 multi
534 1137 662 1170 tamen
690 1145 735 1169 ex
757 1132 933 1169 Romano
956 1131 1122 1170 exercitu
1145 1132 1275 1170 eadem
1299 1137 1406 1181 peste
1427 1131 1620 1182 absumpti

216 1194 318 1226 sunt.

327 1243 457 1282 Deleto
480 1243 654 1282 terrestri
677 1243 820 1281 Punico
845 1244 1009 1282 exercitu
1033 1244 1168 1288 Siculi,
1192 1244 1255 1294 qui
1280 1242 1524 1294 Hippocratis
1547 1242 1621 1281 mi-

212 1300 296 1338 lites
327 1300 480 1338 fuerant
502 1300 519 1317 *
544 1299 559 1317 *
590 1300 690 1338 haud
721 1312 858 1350 magna
887 1301 1047 1351 oppida,
1078 1306 1247 1338 ceterum
1276 1305 1313 1338 et
1334 1300 1410 1337 situ
1433 1305 1468 1337 et
1490 1299 1620 1337 muni-

214 1357 356 1395 mentis
378 1361 477 1401 tuta,
509 1357 582 1394 tria
604 1356 705 1394 milia
727 1356 887 1394 alterum
910 1357 955 1394 ab
979 1356 1197 1407 Syracusis,
1220 1356 1380 1394 alterum
1403 1355 1620 1406 quindecim

214 1413 334 1452 abest.
377 1426 421 1451 co
445 1418 482 1451 et
498 1418 737 1451 commeatus
756 1425 775 1450 e
793 1412 1005 1451 civitatibus
1024 1413 1103 1451 suis
1122 1412 1417 1463 comportabant
1433 1418 1469 1450 et
1484 1411 1619 1450 auxilia

165 1476 184 1507 2
215 1469 471 1508 accersebant.
514 1469 654 1507 interea
678 1469 868 1508 Bomilcar
895 1469 1032 1507 iteruin
1056 1482 1141 1508 cum
1166 1469 1285 1507 classe
1309 1469 1505 1519 profectus
1529 1468 1620 1506 Car-

213 1526 408 1576 thaginem
444 1526 493 1563 ita
520 1525 694 1575 exposita
725 1526 881 1564 fortuna
905 1526 1123 1569 sociorum,
1160 1531 1201 1563 ut
1231 1537 1341 1575 spem
1369 1525 1513 1563 faceret
1539 1536 1619 1562 non

212 1651 314 1686 insto,
349 1648 411 1678 wie
442 1649 492 1679 ihn
512 1648 563 1678 die
593 1648 677 1679 Sitte
704 1649 762 1686 (zu
779 1647 877 1686 Rom)

212 1692 880 1734 1'0r‹1e=·te‚s.1‚5S,12,mitRiicksicht

211 1737 270 1769 ani
299 1738 350 1769 (lie
381 1740 472 1769 iusta
498 1739 676 1778 funebria,
709 1738 740 1777 1,
764 1738 821 1776 20,
841 1738 876 1776 73

212 1782 359 1825 ΤΙ]υ(’)(1.
387 1783 423 1823 2,
454 1782 505 1822 52,
534 1782 569 1813 2.
605 1783 654 1818 εἰς
682 1780 880 1834 dhywpt‘av

212 1825 419 1860 ἔτοαποιτο
449 1829 508 1858 καὶ
535 1828 642 1871 ἱερῶι
670 1828 729 1858 καὶ
753 1824 878 1859 ὀσίικωι

210 1884 274 1904 mm
295 1884 337 1904 m
356 1883 480 1903 -ηοη
499 1873 597 1905 modo
614 1883 691 1911 non
711 1872 763 1913 32,
784 1872 834 1914 21),
847 1873 877 1903 7.

211 1936 255 1941 —
274 1919 355 1958 tabe,
375 1918 474 1949 Veiu
480 1928 593 1958 esung.

259 1986 401 2016 12-15,
427 1986 573 2017 Poenor.
592 2004 635 2008 —
653 1985 761 2025 Rom„
780 1996 806 2017 s.
824 1985 877 2027 36,

211 2030 264 2069 29,
284 2031 314 2061 5.
334 2030 495 2069 Romana,
512 2032 591 2062 nach
606 2030 627 2072 ξ
645 2031 682 2061 15
698 2032 755 2062 (las
771 2030 878 2070 Lager

211 2076 242 2106 in
261 2076 320 2105 der
343 2075 455 2115 stadt,
482 2077 520 2106 da
549 2077 606 2106 das
630 2085 680 2106 am
702 2075 875 2117 Olympion

210 2119 413 2160 ausgegeben
429 2121 482 2151 ist.
499 2139 539 2142 —
554 2120 622 2160 diet,
636 2120 878 2151 dieParenthe—

211 2175 268 2196 sen
303 2165 410 2196 finden
444 2165 510 2196 sich
542 2166 631 2196 nicht
663 2165 768 2196 selten
795 2166 876 2196 ohne

212 2210 446 2250 Conjunction,
466 2220 501 2241 so
522 2211 597 2241 dass
614 2221 707 2250 nam,
731 2210 875 2240 welches

212 2253 344 2286 Dobree
377 2260 533 2286 zusetzen
568 2255 653 2291 will,
689 2255 759 2285 hier
788 2255 877 2285 nicht

211 2300 323 2339 nb‘thig
341 2300 393 2339 ist,
413 2310 437 2331 s.
458 2300 487 2335 9,
505 2300 557 2339 35,
574 2300 610 2338 23
627 2299 679 2340 40,
699 2300 751 2336 57,
772 2299 790 2330 3
806 2309 874 2330 u.a.

210 2363 254 2367 —
271 2345 448 2385 adfecerat
461 2344 543 2376 fehlt
556 2346 586 2376 in
601 2345 662 2376 deu
676 2349 774 2384 guten
786 2344 874 2382 Hss.,

211 2391 262 2421 die
281 2391 362 2421 auch
381 2393 414 2421 et
429 2395 512 2422 statt
529 2401 573 2422 θαι·
590 2390 710 2429 haben,
736 2400 771 2420 so
797 2390 874 2420 dass

210 2435 300 2466 viell.
317 2437 394 2466 noch
411 2436 502 2467 mehr
518 2434 722 2475 ausgefallen
742 2435 802 2472 ist;
823 2435 875 2465 die

211 2480 374 2511 situation
407 2481 468 2511 wie
487 2480 547 2520 28,
577 2480 630 2519 46,
648 2480 698 2510 15.
718 2498 759 2501 —
779 2482 811 2510 et
829 2479 874 2518 C.‚

212 2535 226 2555 s
257 2536 284 2555 c.
303 2524 355 2562 23,
375 2526 412 2562 ὃς
440 2525 492 2565 21,
513 2525 551 2563 83
584 2525 678 2556 beide
698 2524 874 2556 Umstiinde

210 2569 301 2600 liisen
320 2570 376 2600 das
396 2570 482 2601 Heer
499 2569 564 2601 auf.
582 2589 624 2593 —
642 2572 796 2612 receptus
814 2580 872 2606 er„

211 2624 238 2645 s.
260 2614 289 2652 1,
308 2614 361 2652 56,
380 2614 416 2653 33
437 2616 484 2646 sie
502 2616 613 2646 hatten
632 2615 697 2646 wol
721 2612 876 2646 befreun-

211 2659 286 2690 dete
305 2659 430 2699 Stiidte,
449 2660 528 2692 aber
542 2660 631 2691 nicht
645 2661 726 2699 hier,
744 2660 807 2690 wie
822 2659 873 2691 die

953 1648 1083 1679 Siculer
1100 1648 1168 1679 ihre
1184 1648 1343 1679 Heimath.
1370 1647 1453 1678 nass
1472 1648 1551 1678 auch
1568 1647 1620 1678 Si-

953 1693 1045 1724 culer
1069 1693 1099 1724 in
1126 1693 1196 1724 dein
1223 1693 1398 1734 punischen
1419 1692 1524 1723 Heere
1549 1693 1619 1723 die-

953 1748 1014 1769 nen
1041 1749 1066 1769 s.
1093 1738 1145 1777 24,
1165 1737 1217 1774 36,
1241 1738 1268 1768 1.
1286 1756 1329 1760 —
1346 1737 1526 1769 Marcellus
1545 1742 1620 1777 etc.,

952 1783 1004 1814 ein
1022 1784 1163 1814 anderer
1181 1782 1294 1814 Gruud
1314 1782 1363 1813 als
1381 1783 1439 1812 der
1459 1781 1479 1823 ξ
1501 1782 1539 1812 12
1564 1792 1623 1813 an-

952 1828 1139 1868 gegebene,
1169 1828 1227 1859 der
1244 1838 1268 1857 xx
1278 1828 1309 1858 ol
1327 1827 1484 1867 richtiger
1502 1826 1561 1866 ist,
1593 1837 1619 1858 s.

952 1873 972 1914 ξ
992 1873 1020 1903 7.
1038 1891 1082 1895 —-
1104 1883 1196 1912 suos,
1221 1883 1279 1903 aus
1303 1872 1375 1903 dein
1392 1872 1482 1903 alten
1501 1871 1620 1912 Lager.

951 1920 1100 1959 umbrae,
1120 1917 1172 1956 33,
1191 1917 1243 1959 48,
1262 1917 1292 1948 4.

996 1968 1065 2006 27.
1094 1974 1121 2005 1.
1151 1974 1309 2005 terrestri
1325 1974 1413 2004 steht
1430 1972 1491 2014 §2⁷
1515 1973 1618 2005 Puni—

950 2029 987 2050 co
1010 2020 1080 2050 dem
1102 2017 1180 2058 fulg.
1205 2017 1311 2049 Siculi
1324 2018 1522 2057 gegeniiber.
1553 2019 1618 2058 [ιι-

950 2067 1057 2103 erant,
1076 2074 1135 2094 aus
1155 2063 1299 2094 alterum
1315 2062 1509 2094 —alternm
1522 2064 1619 2094 abest

949 2109 1014 2139 und
1044 2119 1080 2140 eo
1109 2108 1187 2147 geht
1215 2108 1351 2145 hervor,
1386 2108 1461 2138 dass
1491 2107 1527 2138 L.
1565 2108 1617 2139 die

951 2153 1067 2184 Stadte
1084 2157 1228 2193 genannt
1252 2154 1358 2190 hatte3
1394 2153 1618 2183 wahrschein—

948 2198 1012 2229 lich
1037 2198 1081 2229 ist
1109 2198 1159 2228 ein
1185 2197 1264 2228 Satz
1292 2195 1513 2236 ausgefallen:

949 2245 1192 2286 occupaverant
1205 2243 1284 2273 oder
1297 2245 1460 2285 ceperant.
1471 2261 1509 2264 —
1522 2244 1618 2284 quin-

949 2288 1028 2329 dee,
1059 2288 1140 2318 iiber
1158 2288 1214 2318 das
1232 2287 1356 2318 Fehlen
1383 2298 1446 2318 von
1471 2288 1565 2319 milza-
1588 2298 1614 2318 s.

949 2333 1277 2374 21,59,1;81)8(15ο
1300 2332 1409 2373 hiiufig
1430 2332 1511 2363 wird
1535 2343 1615 2375 pas-

948 2389 1049 2409 suum
1082 2378 1308 2417 ausgelassen
1346 2396 1389 2400 —
1422 2387 1458 2408 eo
1492 2377 1615 2418 wiirde,

947 2433 1041 2454 xxenn
1072 2423 1195 2454 xorher
1224 2423 1275 2453 ein
1303 2422 1381 2453 Satz
1410 2401 1615 2461 ausgefalleii

948 2469 1001 2505 ist,
1020 2468 1114 2499 einen
1134 2478 1237 2498 neuen
1256 2468 1434 2507 beginnen3
1455 2473 1528 2506 gew
1533 2467 1613 2497 61111-

948 2513 1011 2544 lich
1041 2513 1123 2543 wird
1148 2515 1180 2543 in
1205 2512 1298 2544 haud
1319 2522 1443 2553 magna
1465 2511 1612 2551 gelesen,

947 2568 998 2589 wo
1017 2568 1053 2589 es
1073 2568 1133 2588 nur
1151 2558 1211 2588 den
1227 2557 1351 2597 Begriff
1364 2556 1567 2597 wiederholt,
1585 2566 1612 2587 s.

949 2603 977 2638 1,
1001 2603 1050 2640 19,
1073 2603 1108 2641 1;
1127 2602 1167 2633 ib.
1187 2601 1239 2643 26,
1262 2602 1318 2641 1ος
1338 2601 1389 2642 49,
1408 2601 1426 2632 9
1445 2612 1475 2632 u.
1493 2610 1521 2632 a.

994 2658 1091 2689 2—5.
1116 2661 1164 2689 ita
1183 2670 1281 2702 emp,
1307 2658 1450 2689 dadurch
1474 2657 1550 2688 dass
1575 2666 1612 2687 er

1651 857 1690 890 10

1653 1139 1690 1170 15

1649 1422 1690 1453 20
