1784 2967
34 860 74 892 10

35 1139 74 1171 15

32 1419 76 1452 20

104 251 272 278 a.0h.208.
550 239 674 272 LIBER
703 238 844 271 XXVII.
889 239 981 272 CAP.
1004 240 1058 271 22.

1450 241 1494 279 61

103 345 145 383 Ρ.
168 342 298 394 Scipio
321 356 364 381 ex
387 343 571 394 Hispania
593 342 776 381 misisset.
818 346 856 379 et
876 341 918 379 P.
941 341 1114 393 Scipioni
1135 347 1172 380 et
1191 341 1239 380 M.
1262 341 1392 380 Silano
1414 353 1504 380 suae
1534 347 1551 378 7

103 399 310 451 Hispaniae
331 400 467 451 suique
488 399 675 438 exercitus
697 398 735 436 in
752 409 895 436 annum
916 398 1077 445 decreti3
1101 398 1231 450 Scipio
1249 411 1293 437 ex
1311 398 1504 449 octoginta

102 457 281 502 navibus,
304 469 397 508 quas
419 461 484 496 aut
504 467 634 494 secum
651 468 693 493 ex
717 454 820 493 Italia
842 455 1026 493 adductas
1048 460 1112 494 aut
1129 460 1258 506 captas
1281 455 1506 506 Carthagine

102 513 277 559 habebat,
301 512 574 564 quinquaginta
596 512 634 550 in
653 510 872 550 Sardiniam
894 511 1107 550 tramittere
1129 512 1272 558 iussus,
1296 511 1381 563 quia
1403 512 1503 551 fama
1534 517 1553 549 8

103 575 184 609 erat
210 581 391 620 magnum
420 569 589 608 navalem
618 572 845 619 apparatum
875 579 920 605 eo
949 579 1051 605 anno
1074 567 1303 618 Carthagine
1324 581 1428 615 esse,
1461 581 1503 607 cc

102 626 261 665 navibus
284 638 439 664 omnem
458 638 565 664 oram
587 625 714 663 Italiae
738 624 887 663 Siciliae
909 624 1185 674 Sardiniaeque
1206 625 1434 674 inpleturos.
1470 631 1507 663 et
1533 630 1552 661 9

103 684 141 721 in
171 682 296 721 Sicilia
323 683 371 721 ita
402 682 519 721 divisa
547 694 608 720 res
633 686 710 720 est:
748 681 863 719 Sexto
893 681 1045 720 Caesari
1073 681 1261 719 exercitus
1292 681 1506 720 Cannensis

104 740 214 777 datus
243 744 316 784 est,
349 739 398 777 M.
422 738 592 777 Valerius
615 738 801 777 Laevinus
823 760 877 765 —
899 737 931 775 ei
954 749 1109 788 quoque
1130 737 1231 776 enim
1254 743 1505 788 prorogatum

102 795 305 846 imperium
327 800 387 834 est
405 819 460 822 -—
482 795 656 840 classem,
678 807 773 845 quae
796 794 842 832 ad
866 793 1033 832 Siciliam
1056 799 1145 839 erat,
1166 793 1318 832 navium
1342 806 1416 832 Lxx
1434 794 1508 833 ob—

103 852 261 899 tineret3
290 852 447 890 adderet
476 864 520 890 eo
549 865 623 890 xxx
652 863 787 896 naves,
816 863 911 902 quae
940 851 984 888 ad
1009 850 1217 889 Tarentum
1248 850 1379 901 priore
1405 862 1505 889 anno

77 920 82 923 ·
101 908 269 955 fuerant3
289 921 374 947 cum
394 921 435 946 ea
454 913 607 947 centum
627 908 781 946 navium
801 907 940 952 classe,
960 907 992 945 si
1010 907 1201 945 videretur
1218 907 1262 951 ei,
1280 907 1506 957 praedatum

102 965 140 1002 in
162 965 327 1003 Africam
346 965 535 1003 traiceret.
578 970 614 1002 et
634 964 674 1002 P.
699 963 880 1015 Sulpicio,
903 969 943 1001 ut
960 963 1089 1001 eadem
1111 963 1229 1002 classe
1246 963 1504 1001 Macedoniam

103 1020 374 1071 Graeciamque
392 1021 627 1071 provinciam
645 1021 813 1067 haberet,
828 1025 1078 1070 prorogatum
1092 1019 1129 1057 in
1145 1031 1287 1057 annum
1301 1019 1506 1069 imperium

105 1082 175 1115 est.
217 1077 263 1115 de
286 1077 446 1123 duabus,
470 1090 566 1127 quae
589 1077 633 1115 ad
657 1077 790 1116 urbem
814 1076 980 1124 Romam
995 1076 1161 1121 fuerant,
1182 1075 1396 1125 legionibus
1415 1075 1507 1114 nihil

106 1139 307 1172 mutatum.
356 1134 689 1184 supplementum,
714 1146 790 1183 quo
821 1145 919 1181 opus
947 1136 1060 1177 esset,
1092 1132 1304 1170 scriberent
1326 1133 1505 1171 consules

104 1190 351 1240 permissum.
391 1202 465 1228 una
495 1196 531 1228 et
552 1190 681 1239 viginti
709 1188 923 1238 legionibus
953 1201 997 1226 eo
1030 1200 1132 1226 anno
1156 1188 1357 1226 defensum
1381 1187 1508 1239 impe-

103 1246 203 1283 rium
227 1246 443 1284 Romanum
472 1251 542 1284 est.
583 1252 619 1284 et
645 1246 687 1284 P.
710 1245 854 1283 Licinio
879 1244 975 1283 Varo
1007 1244 1172 1295 praetori
1199 1244 1283 1283 urb.
1307 1245 1506 1294 negotium

105 1302 252 1347 datum,
287 1307 329 1340 ut
363 1302 469 1340 navis
505 1302 639 1351 longas
668 1301 821 1352 triginta
850 1306 993 1339 veteres
1022 1301 1211 1346 reficeret,
1250 1313 1348 1351 quae
1379 1301 1508 1340 Ostiae

103 1363 222 1401 erant,
245 1363 282 1396 et
301 1371 349 1396 xx
370 1370 490 1396 novas
509 1358 614 1396 navis
634 1358 749 1396 sociis
768 1357 966 1396 navalibus
983 1357 1157 1407 inpleret,
1178 1363 1220 1395 ut
1236 1357 1507 1408 quinquaginta

103 1414 257 1453 navium
287 1414 407 1453 classe
435 1427 541 1452 oram
571 1414 689 1452 maris
720 1414 880 1452 vicinam
910 1413 995 1451 urbi
1016 1413 1213 1452 Romanae
1241 1414 1339 1452 tueri
1361 1421 1507 1465 posset.

105 1470 144 1509 C.
166 1469 395 1521 Calpurnius
417 1471 557 1509 vetitus
580 1470 625 1509 ab
642 1470 792 1509 Arretio
812 1482 965 1508 movere
977 1470 1199 1512 exercitum,
1223 1470 1295 1507 nisi
1313 1483 1399 1508 cum
1418 1484 1508 1509 suc-

105 1539 238 1565 cessor
264 1527 448 1573 venissen
479 1527 580 1565 idem
611 1533 647 1566 et
669 1526 820 1565 Tubulo
843 1527 1096 1576 imperatum,
1131 1531 1173 1564 ut
1194 1527 1282 1564 inde
1304 1528 1509 1578 praecipue

105 1588 262 1629 caveret,
286 1595 334 1622 ne
356 1596 426 1634 qua
450 1596 548 1622 nova
571 1583 727 1622 consilia
749 1588 987 1634 caperentur.

104 1729 145 1748 zu
156 1718 258 1748 lesen.
274 1736 317 1740 —
330 1719 490 1758 misisset,
506 1718 658 1749 schicken
676 1718 768 1748 wiir-

104 1764 154 1801 de,
175 1772 200 1793 s.
215 1762 235 1803 ξ
254 1763 290 1800 73
307 1773 368 1793 zur
385 1762 488 1793 Sache
507 1773 534 1794 s.
554 1774 580 1794 c.
610 1763 660 1802 17,
681 1764 710 1793 6.
726 1780 770 1785 —

104 1807 241 1847 snaed,
256 1808 313 1838 das
328 1808 422 1838 ihnen
437 1808 637 1846 verliebene,
653 1808 771 1838 theuer

106 1853 317 1892 gewordene,
353 1853 418 1892 vgl.
454 1852 532 1883 Tac.
567 1852 678 1883 Germ.
709 1851 770 1883 30:

109 1898 245 1929 Chattos
263 1908 344 1928 suos
361 1897 470 1929 sallus
487 1897 673 1940 Hercynius
688 1907 771 1940 pro-

105 1945 274 1985 sequitur-3
293 1941 382 1973 Flor.
406 1942 439 1981 1,
458 1942 517 1981 45,
539 1943 594 1973 15:
619 1942 773 1974 Rhenum

106 1998 228 2025 Suum3
259 1987 341 2018 iiber
359 1987 534 2029 Hispaniae
559 1997 586 2018 s,
605 1987 663 2027 28,
691 1988 722 2029 1,
743 1987 772 2019 2.

105 2051 149 2055 —
166 2035 197 2064 [η
211 2044 265 2064 an.
269 2037 387 2074 ,passt
401 2033 489 2064 nicht
503 2043 543 2063 zu
562 2032 637 2073 e.7,
660 2032 710 2063 17
729 2051 773 2055 —

106 2081 288 2130 captas‚s.
324 2077 438 2120 Polyb.
473 2077 613 2116 10,17:
648 2077 688 2108 αἱ
703 2076 773 2120 μὲ1

107 2120 332 2175 αἰχμάλωτοι
351 2123 432 2163 νῆες
446 2118 507 2166 ἅμ’
524 2119 773 2154 ὀκτωκαίδεκα

107 2164 171 2199 τὸν
188 2165 260 2211 ἀρι.
254 2164 362 2209 auda),
379 2168 417 2198 αἴ
430 2153 475 2199 δὲ
484 2163 552 2204 ἒξ’
533 2168 645 2210 αρχῆς
664 2167 773 2199 πέντε

108 2212 166 2242 καὶ
196 2209 402 2255 τριάκοντα
432 2230 477 2234 —
505 2215 678 2255 apparat„
697 2223 724 2245 c.
742 2213 771 2252 5,

113 2256 162 2287 13
182 2275 224 2279 —
242 2256 368 2309 implet.
386 2268 415 2287 n.
436 2257 577 2289 Poenos.

155 2301 276 2332 9—10.
301 2305 333 2332 et
355 2303 388 2332 in
411 2300 493 2343 San,
516 2303 574 2333 mit
596 2301 774 2334 Riicksicht

108 2345 167 2378 auf
192 2347 242 2378 die
267 2346 448 2385 Seeiuacht,
470 2346 531 2378 wie
560 2349 640 2378 auch
666 2348 683 2388 ξ
712 2348 771 2386 10;

109 2392 190 2423 oder
208 2402 243 2422 es
263 2392 306 2422 ist
324 2402 400 2422 nur:
419 2390 541 2423 ferner.
561 2410 606 2414 —
624 2391 774 2434 Caesari,

109 2438 172 2468 wie
192 2436 249 2477 26,
269 2435 330 2477 28,
349 2436 384 2475 3,
411 2437 476 2476 vgl.
497 2447 523 2468 c.
543 2437 573 2476 8,
595 2437 646 2468 16.
665 2456 703 2459 ——
724 2449 777 2469 se-

107 2485 240 2525 ptuag„
260 2492 284 2512 S.
304 2492 329 2513 c.
349 2482 378 2518 8,
403 2482 451 2513 17.
470 2500 511 2503 ——
531 2483 671 2514 emmer.
689 2483 775 2524 add„

109 2538 171 2559 von
191 2528 262 2558 dem
280 2526 443 2558 melirsach
457 2527 697 2567 angedeuteten
716 2528 775 2559 Be-

110 2572 189 2612 griff
203 2573 259 2603 des
278 2572 526 2603 Bescbliessens
545 2573 716 2612 abbiingig.
732 2591 775 2595 -—-

110 2628 146 2648 eo
163 2633 206 2643 =
224 2617 269 2648 acl
281 2628 364 2649 eam.
379 2636 422 2640 —
437 2617 575 2658 Maced„
590 2628 615 2648 s.
632 2628 658 2648 c.
675 2618 705 2657 7,
723 2617 773 2649 15.

110 2680 153 2685 —
164 2662 207 2694 ad
215 2663 299 2702 τινὰ,
315 2668 406 2694 sonst
421 2664 571 2694 urbanae
584 2663 663 2694 oder
677 2673 775 2695 (wer-

841 1720 928 1749 citus
946 1718 1106 1758 urbanus,
1122 1717 1198 1748 weil
1213 1717 1260 1748 sie
1275 1717 1326 1748 bei
1341 1718 1401 1748 der
1414 1718 1510 1749 Stadt

843 1763 1021 1803 canipiren.

891 1808 903 1838 1
917 1809 968 1837 l—
983 1807 1033 1838 12.
1063 1818 1126 1848 quo
1142 1822 1186 1833 =
1202 1807 1248 1838 ad
1263 1818 1347 1848 quas
1363 1807 1511 1848 legiones

845 1852 926 1883 oder
945 1854 979 1883 in
1005 1861 1087 1892 qnos
1116 1854 1301 1893 emer-citus,
1337 1852 1401 1891 vgl.
1427 1851 1447 1893 ξ
1472 1852 1508 1883 9;

845 1908 894 1929 eo.
910 1915 955 1920 —
971 1897 1176 1937 scriberent,
1202 1898 1284 1927 ohne
1309 1900 1348 1928 ut
1365 1897 1414 1928 bei
1432 1907 1510 1940 per-

844 1944 994 1982 mz‘tlere,
1020 1952 1046 1972 s.
1065 1953 1091 1973 e.
1116 1942 1165 1981 10,
1185 1941 1223 1980 23
1251 1942 1388 1981 24,14‚
1409 1942 1445 1979 53
1470 1942 1510 1973 ib.

849 1987 900 2028 16,
922 1987 959 2017 17
980 1998 1009 2017 u.
1029 1996 1057 2017 a.
1074 2005 1118 2009 —
1135 1997 1203 2018 una
1220 1990 1253 2018 et
1265 1997 1306 2028 tu,
1322 1997 1357 2018 es
1372 1988 1443 2018 sind
1458 1986 1516 2018 auf

846 2032 987 2073 Spanien
1007 2030 1026 2062 3
1046 2031 1211 2071 Legionen
1229 2034 1419 2072 gereohnet,
1438 2043 1465 2063 s.
1485 2043 1510 2063 c.

846 2076 1031 2115 36‚12.-
1051 2080 1161 2119 praet.
1181 2088 1233 2117 u.‚
1258 2087 1285 2108 s.
1304 2077 1378 2117 c.7,
1401 2077 1510 2108 11.—

846 2123 1015 2164 reficeret,
1051 2132 1086 2153 es
1125 2122 1208 2153 wird
1246 2127 1512 2162 vorausgesetzt,

846 2168 922 2198 dass
941 2167 988 2198 sie
1007 2167 1160 2198 bemannt
1177 2167 1259 2198 sind.

894 2212 944 2242 13.
974 2213 1044 2242 nz'sz'
1070 2216 1149 2252 etc.,
1179 2212 1256 2243 dass
1286 2222 1323 2243 er
1352 2222 1387 2243 es
1417 2213 1512 2243 nach

845 2257 963 2288 dessen
982 2255 1129 2287 Ankunl't
1147 2257 1224 2287 tbun
1250 2257 1365 2296 sollte,
1391 2257 1512 2288 konnle

846 2303 936 2333 nieht
953 2302 1046 2332 dabei
1064 2302 1202 2341 gedacbt
1217 2303 1358 2342 werden,
1376 2302 1414 2333 da
1434 2303 1512 2333 nach

846 2347 1020 2378 derselben
1052 2346 1247 2388 Calpurnius
1283 2347 1388 2378 nichts
1423 2348 1514 2378 mehr

847 2391 1007 2432 verfiigen
1034 2391 1169 2422 konnte.
1199 2410 1242 2414 —
1270 2392 1359 2423 idem
1388 2393 1515 2423 scheint

849 2438 949 2469 durch
976 2439 1013 2468 nt
1035 2455 1078 2459 ——
1100 2439 1301 2479 caperentur
1325 2437 1455 2468 erklart
1473 2448 1513 2468 zu

848 2484 980 2513 werden
1006 2482 1067 2512 und
1088 2482 1129 2512 ist
1149 2482 1211 2512 wol
1229 2483 1420 2522 gebrauclnt,
1440 2483 1515 2513 weil

847 2529 878 2559 in
898 2529 1021 2559 deman
1039 2526 1232 2568 Calpurnius
1248 2528 1439 2558 erlassenen
1457 2527 1515 2558 Be-

849 2572 936 2604 fehle
964 2572 1036 2602 eine
1061 2572 1211 2603 {ibrilicbe
1237 2573 1431 2611 Besorgniss
1456 2583 1514 2603 au-

847 2619 1004 2658 gedeutet
1033 2627 1111 2647 war.
1149 2617 1230 2648 Dass
1260 2618 1340 2648 auch
1366 2617 1514 2649 Tubulus

848 2664 906 2694 das
925 2662 1012 2693 Heer
1029 2662 1078 2693 bis
1097 2672 1157 2693 zur
1170 2662 1319 2695 Ankunl't
1335 2663 1393 2694 des
1407 2662 1514 2694 Nach-

1538 971 1577 1003 10

1541 1143 1574 1174 ll

1540 1255 1578 1287 12

1541 1481 1578 1514 13
