1784 2967
169 586 187 616 6

167 757 183 787 *l

165 1093 183 1124 5)

143 1268 182 1300 10

143 1378 178 1410 11

687 193 815 226 LIBER
832 192 958 227 XXVI.
993 193 1085 226 CAP.
1103 193 1158 225 41.
1481 210 1506 228 a.
1522 211 1550 229 u.
1565 203 1627 229 544.

221 194 301 234 300

220 308 259 335 ra
283 307 418 334 eorum
441 307 537 334 usus
560 300 674 342 esset,
696 296 834 346 gratias
855 308 968 346 agere
989 296 1070 335 iure
1091 308 1135 335 ac
1154 296 1292 335 merito
1314 296 1459 347 potuit:
1480 309 1543 336 me
1559 309 1629 335 vo-

218 353 296 399 bis,
317 352 543 403 priusquam
565 352 804 403 provinciam
827 357 891 392 aut
909 358 1031 392 castra
1053 353 1241 399 viderem,
1265 352 1443 403 obligavit
1462 353 1629 401 fortuna,

219 409 391 460 primum
419 409 525 459 quod
553 421 594 447 ea
622 408 763 460 pietate
790 422 877 460 erga
907 415 1056 461 patrem
1084 414 1343 460 patruumque
1369 422 1498 448 meum
1518 410 1626 449 vivos

218 470 476 516 mortuosque
497 465 644 512 fuistis,
668 466 805 505 deinde
826 467 930 518 quod
953 466 1136 505 amissam
1159 471 1262 505 tanta
1284 466 1387 505 clade
1408 466 1627 518 provinciae

218 522 513 572 possessionem
549 522 738 572 integram
775 528 812 561 et
843 523 989 574 populo
1017 523 1197 562 Romano
1226 528 1263 561 et
1289 523 1505 562 successori
1533 523 1627 561 mihi

217 578 356 617 virtute
382 584 510 617 vestra
538 578 772 618 obtinuistis.
814 580 879 617 sed
903 592 991 618 cum
1012 579 1086 618 iam
1109 579 1339 630 benignitate
1359 580 1474 618 deum
1496 579 1533 618 id
1556 592 1627 630 pa-

220 647 351 674 remus
374 640 488 686 atque
509 647 681 685 agamus,
704 647 784 674 non
806 641 849 674 ut
869 636 941 687 ipsi
964 648 1189 675 maneamus
1211 636 1249 674 in
1271 636 1467 687 Hispania,
1491 636 1558 674 sed
1580 648 1628 675 ne

216 691 338 730 Poeni
358 698 549 739 maneant,
569 704 641 730 nec
662 696 705 730 ut
725 704 796 742 pro
817 693 899 742 ripa
916 692 1046 731 Hiberi
1070 698 1215 731 stantes
1237 705 1438 732 arceamus
1460 693 1627 732 transitu

216 748 362 795 1105115,
391 749 457 787 sed
478 753 522 787 ut
543 749 643 787 ultro
665 754 912 786 transeamus
933 749 1287 800 transferamusque
1303 749 1465 796 bellum,
1493 761 1628 788 vereor

215 816 263 843 ne
292 804 352 843 cui
383 810 553 843 vestrum
583 804 707 843 maius
736 804 773 842 id
802 804 1062 856 audaciusque
1090 806 1293 844 consilium
1324 818 1438 857 quam
1468 811 1533 845 aut
1552 818 1624 857 pro

216 861 402 899 memoria
424 861 586 899 cladium
608 873 734 911 nuper
756 867 998 912 acceptarum
1022 867 1086 900 aut
1106 874 1177 912 pro
1201 867 1319 901 aetate
1340 875 1424 901 mea
1441 863 1624 901 videatur.

213 918 394 956 adversae
422 929 574 968 pugnae
602 917 641 955 in
662 917 846 968 Hispania
868 917 1012 957 nullius
1035 918 1073 956 in
1096 919 1222 957 animo
1247 931 1363 969 quam
1385 932 1472 957 meo
1496 920 1625 958 minus

214 974 410 1012 obliterari
432 979 611 1025 possunt,
634 974 776 1024 quippe
799 975 857 1013 cui
881 980 991 1026 pater
1012 980 1049 1013 et
1069 980 1231 1025 patruus
1253 976 1352 1014 intra
1370 975 1525 1025 triginta
1543 976 1626 1014 die-

212 1043 299 1068 rum
329 1031 514 1081 spatium,
543 1036 585 1069 ut
610 1030 711 1069 aliud
740 1043 858 1081 super
879 1031 977 1070 aliud
1003 1032 1263 1070 cumularetur
1282 1031 1446 1070 familiae
1466 1036 1626 1071 nostrae

212 1087 348 1132 funus,
369 1087 557 1126 interfecti
581 1092 689 1134 sunt,
711 1088 776 1125 sed
803 1093 843 1126 ut
863 1088 1059 1126 familiaris
1081 1100 1202 1139 paene
1224 1089 1366 1127 orbitas
1388 1101 1431 1127 ac
1452 1088 1621 1127 solitudo

211 1144 352 1194 frangit
379 1144 572 1190 animum,
602 1144 652 1182 ita
681 1144 828 1194 publica
858 1157 944 1183 cum
973 1145 1129 1183 fortuna
1158 1150 1240 1184 tum
1270 1145 1388 1183 virtus
1419 1145 1626 1195 desperare

214 1201 259 1238 de
281 1213 435 1238 summa
457 1213 586 1239 rerum
610 1201 802 1251 prohibet.
845 1213 887 1239 ea
909 1201 987 1239 fato
1011 1202 1178 1252 quodam
1203 1202 1285 1240 data
1308 1202 1421 1240 nobis
1444 1214 1532 1240 sors
1555 1208 1625 1247 est,

212 1262 254 1296 ut
274 1257 426 1307 magnis
457 1257 638 1295 omnibus
665 1257 772 1296 bellis
795 1258 879 1295 victi
902 1258 1120 1296 vicerimus.
1162 1263 1286 1296 vetera
1310 1259 1466 1304 omitto,
1490 1258 1625 1297 Porsi-

212 1325 321 1361 nam,
352 1313 499 1361 Gallos,
524 1314 736 1352 Samnites:
769 1326 788 1352 a
810 1314 966 1353 Punicis
988 1314 1094 1353 bellis
1116 1314 1310 1365 incipiam.
1352 1320 1447 1365 quot
1469 1315 1621 1360 0105505,

213 1375 308 1421 quot
335 1370 474 1417 (111005,
503 1376 598 1421 quot
626 1370 812 1409 exercitus
840 1371 969 1421 priore
994 1371 1095 1410 bello
1125 1371 1257 1410 amissi
1286 1370 1394 1410 sunt!
1426 1371 1500 1409 iam
1532 1372 1621 1422 quid

211 1428 286 1465 1100
312 1427 410 1465 bello
434 1425 682 1466 memorem?
714 1427 896 1466 omnibus
919 1432 984 1466 aut
1004 1427 1089 1478 ipse
1110 1428 1213 1466 adfui
1236 1428 1424 1475 cladibus,
1451 1433 1516 1466 aut
1537 1429 1622 1479 qui—

210 1528 344 1560 lentiae.
357 1546 403 1550 —
415 1530 494 1559 ante
505 1539 550 1559 m.
564 1539 609 1567 71„
627 1528 696 1568 vgl.
711 1528 788 1559 Tac.
802 1527 880 1569 Agr.

210 1573 268 1605 20:
284 1573 376 1605 nulla
388 1577 465 1604 ante
472 1573 671 1605 Britanniae
685 1584 772 1605 ἠοιά
785 1584 880 1616 pars.

208 1637 253 1641 —-
270 1629 309 1649 ea
323 1620 416 1661 piet„
441 1619 491 1649 die
516 1619 680 1650 bekannte
703 1634 748 1644 Ξ
773 1622 878 1650 tanta.

207 1682 251 1687 —
268 1665 449 1701 amissam,
477 1664 625 1704 obgleich
651 1664 698 1695 sie
722 1665 877 1695 verloren

208 1709 332 1747 schien,
348 1709 391 1740 ist
408 1707 652 1752 aufpossessio
670 1714 710 1740 st.
727 1708 786 1740 auf
796 1720 879 1753 pro-

208 1756 314 1786 vincia
331 1754 491 1794 bezogen.
507 1772 552 1776 —
569 1756 768 1794 successori,
794 1765 822 1786 s.
849 1765 877 1787 c.

211 1799 262 1839 15,
283 1799 314 1830 3.
334 1818 376 1821 —
393 1801 518 1831 virtute
535 1810 575 1839 tu,
599 1801 700 1830 durch
720 1801 770 1831 die
789 1799 877 1831 Tha-

208 1850 262 1876 ten
290 1849 389 1875 110101·
411 1844 575 1883 Marcius3
612 1845 767 1876 Claudius
794 1845 877 1876 wird

209 1890 297 1921 nicht
311 1890 472 1921 erwiihnt.

253 1935 363 1967 6—7.
391 1935 468 1966 Scin
496 1933 713 1977 Hriegsplan,
748 1936 807 1966 der
836 1936 876 1967 im

206 1979 302 2020 Folg.
318 1980 504 2019 begriindet
517 1981 614 2011 wird:
633 1980 695 2012 secl
709 1999 751 2002 —
769 1980 831 2012 sed
842 1992 875 2012 η.

206 2025 247 2055 P.
266 2036 333 2061 m,;
357 2026 435 2055 nach
461 2026 531 2056 dem
552 2025 652 2056 Plane
677 2026 736 2056 (101·
761 2025 876 2056 beiden

207 2070 395 2111 Scipionem
415 2080 440 2100 s.
461 2070 514 2109 25,
530 2069 583 2109 32,
598 2070 629 2101 3.
647 2089 686 2092 —
706 2081 769 2113 pro
789 2073 875 2113 ripa,

206 2116 270 2146 wie
293 2126 355 2158 pro
379 2117 488 2146 muris
512 2125 594 2146 vorn
620 2115 679 2146 auf
699 2117 770 2146 dem
796 2115 876 2147 Ufer

204 2161 269 2191 und
298 2170 370 2191 zum
396 2160 541 2191 801101Ζο
571 2160 757 2191 desselben.
776 2178 819 2183 —
837 2163 876 2192 ut

205 2206 307 2243 ultro,
326 2206 377 2236 (110
397 2204 566 2236 Offensive
586 2204 771 2245 ergreifen3
797 2206 874 2236 dass

206 2251 315 2282 dieses
333 2261 397 2282 von
417 2251 529 2281 seinen
554 2250 791 2292 Vorgiingern,
810 2251 874 2282 und

205 2297 285 2327 nach
302 2295 337 2327 L.
357 2296 464 2327 selbst
481 2306 544 2327 von
556 2296 722 2336 Claudius,
736 2306 762 2326 s.
778 2307 804 2326 c.
823 2296 874 2334 17,

205 2342 390 2381 geschehen
408 2351 488 2380 war,
508 2342 589 2372 wird
608 2342 697 2372 nicht
711 2341 873 2372 beachtet.

205 2405 249 2408 —
268 2389 311 2417 tr.
332 2387 498 2426 transfer.
518 2398 548 2417 n.
567 2387 738 2418 Hiberum..

251 2430 385 2462 8—17.
411 2431 671 2472 Nachweisung,
706 2432 782 2462 dass
815 2432 873 2462 das

204 2476 380 2507 consiliam
415 2477 505 2508 010111
535 2479 647 2508 mains
679 2487 777 2518 quam
808 2486 872 2520 pro

203 2524 368 2553 memoria
398 2521 543 2553 cladium
573 2523 639 2553 sei:
673 2522 874 2562 ungeachtet

204 2567 262 2596 des
283 2566 452 2606 Ungliicks
477 2568 534 2598 des
561 2567 694 2598 Stantes
725 2568 780 2598 hat
813 2568 871 2598 das

205 2611 376 2652 spanische
393 2612 481 2643 Heer
498 2613 558 2644 den
575 2612 718 2644 Puniern
736 2612 871 2644 wider-

955 1529 1051 1560 stand
1067 1528 1223 1568 geleistet
1238 1527 1258 1570 ξ
1274 1528 1395 1569 S—13,
1410 1529 1481 1560 also
1496 1528 1572 1560 darf
1587 1539 1622 1560 es

953 1573 1039 1605 heim
1060 1573 1187 1605 Gliicke
1206 1574 1380 1605 desselben
1406 1575 1495 1605 nicht
1517 1575 1625 1606 muth-

953 1619 1003 1651 los
1024 1620 1106 1650 sein.
1129 1637 1174 1641 —
1196 1622 1317 1662 quippe
1338 1621 1392 1651 eui
1414 1637 1458 1641 —
1480 1622 1570 1657 sunt,
1595 1630 1623 1650 s.

954 1664 983 1707 3,
1003 1664 1032 1705 6,
1052 1664 1082 1695 6.
1112 1682 1156 1687 -
1182 1675 1291 1707 paene
1314 1665 1359 1696 ist
1380 1664 1566 1704 attributus,
1593 1675 1623 1695 s.

952 1710 1018 1740 Cic.
1038 1720 1069 1752 p.
1086 1710 1170 1740 dom.
1196 1710 1249 1749 57,
1276 1709 1355 1741 145:
1385 1712 1416 1741 2'71
1446 1710 1501 1742 illo
1517 1720 1625 1752 paene

939 1756 1026 1796 sato
1043 1754 1261 1797 reipublicae,-
1285 1754 1365 1796 Rep.
1385 1754 1414 1796 6,
1436 1755 1492 1786 11:
1515 1765 1622 1797 paene

950 1800 1055 1831 miles.
1073 1819 1117 1822 »-
1133 1799 1286 1838 solitudo,
1313 1801 1343 1831 in
1369 1800 1429 1830 der
1455 1811 1517 1831 nur
1536 1801 1618 1831 noch

951 1846 1079 1885 wenige
1098 1845 1195 1885 iibrig
1211 1846 1294 1876 sind.
1311 1863 1357 1868 —
1378 1847 1443 1885 ita,
1462 1855 1498 1876 so
1517 1845 1621 1883 doch3

951 1889 1010 1922 nus
1030 1892 1089 1922 der
1105 1891 1228 1921 andern
1251 1891 1355 1922 Seite.
1376 1909 1420 1913 —
1437 1901 1572 1922 summa
1591 1901 1620 1922 r.

950 1936 1022 1966 hier
1054 1936 1111 1967 das
1146 1935 1235 1973 Heil,
1269 1936 1320 1967 die
1352 1935 1538 1976 Erhaltung
1561 1936 1619 1967 des

951 1982 1096 2017 staates,
1121 1981 1188 2020 vgl.
1213 1980 1266 2019 25,
1293 1980 1345 2019 22,
1374 1981 1401 2012 1.
1436 1998 1480 2003 —
1511 1982 1620 2019 nobis,

951 2027 1011 2057 den
1046 2025 1201 2056 Riimern.
1241 2044 1286 2048 —
1325 2036 1420 2065 sors,
1454 2026 1512 2056 das
1545 2036 1618 2056 vom

951 2070 1120 2101 Schicksal
1139 2071 1199 2101 den
1226 2070 1406 2101 Einzelnen
1433 2070 1619 2101 bestimmte

950 2115 1050 2147 Loos.
1069 2133 1112 2138 —
1130 2116 1320 2153 vicerimus,
1339 2116 1396 2146 das
1417 2115 1544 2147 Urtheil
1560 2117 1618 2146 des

949 2160 1138 2199 Redenden,
1158 2161 1235 2191 dass
1254 2161 1313 2192 der
1330 2159 1447 2201 Erfolg
1465 2161 1514 2191 bis
1528 2160 1619 2201 jetzt

949 2206 1064 2236 10111101·
1086 2206 1311 2246 eingetreten,
1337 2206 1389 2237 die
1408 2206 1546 2237 Ansicht
1563 2206 1621 2237 be-

950 2251 1068 2291 sttitigt
1086 2251 1139 2282 ist.

998 2296 1139 2327 10—14.
1165 2296 1357 2335 Por-sinam,
1383 2307 1409 2327 s.
1429 2296 1460 2336 2,
1479 2296 1507 2337 9,
1528 2296 1556 2327 1.
1574 2314 1621 2319 —

951 2339 1061 2372 Gallos
1089 2346 1165 2377 etc.,
1196 2342 1247 2373 die
1272 2342 1469 2381 Eroberung
1498 2341 1616 2380 Roms3

949 2387 1000 2417 die
1026 2386 1299 2426 Einschliessung
1322 2387 1353 2417 in
1385 2388 1446 2418 den
1473 2387 1618 2417 031111101-

948 2432 1046 2462 501100
1066 2432 1203 2464 Piissen..
1221 2451 1264 2455 —
1278 2433 1339 2464 lsoc
1357 2433 1385 2464 b.
1399 2442 1452 2472 m„
1473 2442 1502 2462 n.
1520 2433 1617 2463 nobis

946 2477 1127 2518 accidisse,
1145 2478 1203 2508 das
1233 2477 1353 2517 object
1383 2477 1465 2516 liegt
1493 2477 1523 2507 in
1554 2477 1613 2507 den

945 2520 1026 2561 folg.
1058 2522 1191 2553 Siitzen.
1225 2524 1311 2564 quib.
1335 2523 1401 2564 qs„
1435 2531 1474 2552 an
1508 2522 1612 2552 denen

946 2567 995 2598 ich
1012 2566 1206 2598 nichtTlieil
1221 2577 1425 2607 genommen,
1441 2566 1492 2597 bei
1508 2567 1611 2597 denen

945 2612 995 2643 ich
1015 2612 1104 2644 nicht
1122 2623 1270 2653 zugegen
1287 2623 1376 2651 war3
1403 2613 1523 2655 quibus
1539 2611 1610 2642 also

1657 789 1759 857 10³,

1654 1097 1695 1128 15

1651 1375 1693 1406 20
