1784 2967
22 863 63 894 10

25 1145 65 1176 15

50 1662 54 1663 ⁷
85 1642 112 1663 s.
131 1643 159 1664 c.
180 1633 208 1674 3,
225 1633 256 1665 4.
271 1652 315 1656 -
332 1635 418 1665 hona
440 1652 485 1657 —
507 1644 672 1671 concessu,

560 247 688 280 LIBER
712 247 844 279 XXIX.
885 247 978 280 CAP.
997 247 1028 280 8.
1415 248 1496 287 257

96 266 121 284 a.
135 258 188 284 Ch.
204 258 267 282 ⁶205.

94 349 300 397 incusavit,
322 350 369 389 de
391 349 611 389 auctoribus
635 348 868 400 supplicium
884 349 1065 400 sumpsit,
1087 349 1267 399 bonaque
1283 361 1421 388 eorum
1442 348 1500 388 al-
1526 355 1548 387 2

95 406 213 445 terius
234 406 414 445 factionis
436 405 676 457 principibus
706 405 754 443 ob
784 405 976 455 egregiam
1001 406 1118 444 fidem
1147 406 1329 444 adversus
1352 405 1498 444 Roma-

95 475 169 501 nos
191 463 402 510 concessit,
424 462 575 514 publice
592 474 664 500 nec
686 461 777 500 dare
797 473 869 500 nec
885 462 1032 512 eripere
1048 475 1090 501 se
1106 463 1308 513 quicquam
1328 462 1498 501 Locren-

95 518 202 558 sibus
233 519 349 558 dixit:
384 519 548 558 Romam
578 518 777 556 mitterent
796 517 960 567 legatos;
998 531 1111 569 quam
1141 524 1298 557 senatus
1331 530 1499 569 aequum

94 576 329 621 censuisset,
359 588 442 614 eam
465 575 659 613 fortunam
682 574 903 622 habituros,
938 574 1029 613 illud
1053 575 1146 613 satis
1169 574 1284 621 scire,
1306 575 1378 613 etsi
1399 574 1498 614 male

93 633 139 670 de
158 632 303 683 populo
321 631 498 670 Romano
521 630 648 669 meriti
669 635 815 677 essent,
838 631 876 669 in
898 630 1058 669 meliore
1079 635 1181 669 statu
1202 631 1273 669 sub
1295 631 1401 669 iratis
1418 631 1498 670 Ro-

92 688 218 727 manis
238 689 404 733 futuros,
435 699 550 738 quam
572 687 644 725 sub
666 687 799 726 amicis
821 686 1200 737 Carthaginiensibus
1221 687 1375 726 fuerint.
1416 688 1499 738 ipse

91 744 277 783 Pleminio
298 744 420 793 legato
442 743 732 795 praesidioque,
762 744 867 794 quod
888 755 1014 782 arcem
1038 750 1208 795 ceperat,
1247 744 1292 782 ad
1314 744 1498 782 tuendam

92 800 227 839 urbem
248 801 392 846 relicto,
414 812 501 839 cum
525 800 663 851 quibus
685 805 838 839 venerat
860 800 982 851 copiis
1004 801 1218 839 Messanam
1240 800 1396 839 traiecit.

203 857 258 895 Ita
280 857 444 908 superbe
466 862 501 895 et
530 856 732 895 crudeliter
759 857 877 895 habiti
899 857 1116 895 Locrenses
1139 857 1186 895 ab
1209 856 1497 906 Carthaginien-

92 913 197 952 sibus
220 918 311 964 post
331 914 587 952 defectionem
609 913 654 951 ab
677 913 862 951 Romanis
884 913 1047 959 fuerant,
1076 918 1119 951 ut
1140 913 1314 951 modicas
1336 912 1496 951 iniurias

90 981 170 1008 non
191 982 313 1020 aequo
336 970 454 1008 modo
477 969 605 1008 animo
629 970 706 1019 pati
729 970 796 1008 sed
819 981 941 1020 prope
962 969 1108 1008 lubenti
1138 974 1321 1020 possent,
1362 981 1497 1007 verum

91 1026 192 1064 enim
220 1038 310 1064 vero
334 1031 482 1064 tantun]
511 1025 724 1064 Pleminius
753 1026 1004 1064 Hamilcarem
1035 1025 1214 1076 praesidii
1248 1025 1498 1076 praefectum,

91 1087 240 1120 tantum
263 1082 486 1133 praesidiari
510 1082 648 1120 milites
670 1082 836 1121 Romani
857 1083 1011 1121 Poenos
1034 1082 1176 1120 scelere
1203 1087 1315 1132 atque
1344 1081 1497 1119 avaritia

93 1143 387 1189 superaverunt,
428 1144 470 1177 ut
497 1150 576 1177 non
604 1139 721 1177 armis
751 1139 818 1177 sed
852 1139 952 1177 vitiis
989 1139 1181 1176 videretur
1216 1137 1363 1177 certari.
1404 1137 1498 1176 nihil

92 1195 285 1241 omnium,
327 1207 422 1246 quae
449 1195 557 1245 inopi
584 1195 726 1233 invisas
755 1207 849 1246 opes
877 1194 1107 1246 potentioris
1128 1194 1293 1240 faciunt,
1323 1198 1496 1245 praeter-

92 1251 258 1290 missum
294 1251 332 1289 in
365 1251 585 1302 oppidanos
623 1256 680 1289 est
707 1251 753 1289 ab
783 1252 878 1290 duce
905 1256 969 1289 aut
990 1264 1009 1289 a
1031 1251 1235 1298 militibus,
1270 1251 1309 1288 in
1332 1261 1496 1300 corpora

90 1307 288 1357 ipsorum,
330 1308 369 1345 in
397 1308 557 1353 liberos,
599 1307 639 1345 in
665 1307 850 1358 coniuges
877 1308 1052 1346 infandae
1084 1307 1336 1346 contumeliae
1363 1306 1496 1345 editae.

79 1375 177 1402 ‘nam
200 1364 354 1402 avaritia
375 1376 423 1402 ne
444 1375 645 1402 sacrorum
669 1364 823 1413 quidem
846 1363 1077 1414 spoliatione
1098 1363 1300 1409 abstinuit,
1335 1375 1407 1400 nec
1428 1362 1496 1401 alia

89 1420 207 1458 modo
229 1420 370 1471 templa
393 1420 548 1466 violata,
592 1420 659 1458 sed
681 1420 938 1471 Proserpinae
960 1420 1072 1459 etiam
1096 1420 1227 1459 intacti
1249 1419 1356 1458 omni
1378 1424 1497 1458 aetate

130 1536 173 1575 8.
194 1543 289 1574 1—4.
307 1545 488 1583 incusavit,
511 1544 639 1575 machte
658 1544 754 1575 ihnen

86 1586 273 1629 Vorwiirfe,
290 1599 316 1620 s.
333 1589 386 1629 24,
404 1589 430 1630 1,
449 1589 499 1620 10.
513 1589 753 1629 —deauct07·.,

705 1645 754 1665 Sie

87 1686 199 1708 waren
217 1680 340 1710 vorher
361 1677 414 1710 fiir
432 1679 606 1719 Staatsgut
624 1680 756 1711 erkliirt

86 1723 235 1753 worden.
259 1741 304 1746 —-
322 1723 463 1755 alterius
478 1725 527 1764 f.,
553 1735 579 1755 s.
600 1724 653 1763 21,
672 1724 702 1762 3,
721 1724 752 1755 3.

86 1785 129 1789 —-
146 1767 321 1807 adversus,
337 1779 362 1799 s.
379 1768 432 1808 28,
447 1768 500 1807 27,
515 1768 545 1800 8.
558 1787 602 1791 -
613 1769 753 1812 publice,

86 1813 128 1843 im
152 1812 362 1853 Gegensatze
396 1824 437 1844 zu
470 1814 532 1844 den
557 1814 753 1853 Einzelnen,

85 1857 231 1889 welchen
251 1869 288 1889 er
305 1869 497 1898 genoinineu
515 1860 580 1889 und
604 1858 753 1898 gegeben

42 1896 53 1907 Ι
84 1904 155 1935 hat:
189 1903 219 1934 in
244 1903 423 1935 Riicksicht
445 1902 504 1934 auf
523 1905 574 1935 die
599 1904 753 1944 Stellung

84 1947 143 1978 des
172 1948 306 1980 Stantes
342 1959 383 1979 zu
419 1948 499 1980 Rom
535 1949 598 1979 und
631 1949 752 1980 dessen

83 1992 220 2029 Rechte,
238 1994 279 2024 im
299 1993 392 2034 Folg.
409 1994 439 2024 in
453 1994 602 2035 fortuna
621 2004 751 2025 zusam-

82 2037 296 2078 mengefasst.
322 2049 349 2070 s.
367 2049 394 2069 c.
414 2038 467 2080 21,
486 2039 515 2070 7.
534 2057 578 2061 —
594 2040 656 2070 sub
673 2040 751 2070 irat.

83 2087 146 2114 etc.
172 2084 255 2115 wird
282 2084 579 2123 vorausgeschickt
607 2094 659 2115 um
689 2085 750 2115 den

84 2127 242 2160 Coun-ast
265 2129 306 2160 im
325 2129 418 2169 Folg.
442 2130 535 2161 desto
554 2129 680 2169 greller
697 2140 750 2160 er-

84 2173 238 2204 scheinen
257 2184 298 2204 zu
316 2174 438 2205 lassen.

130 2217 161 2249 5.
185 2218 230 2249 ad
253 2218 365 2250 tuend.
384 2229 426 2259 a„
445 2219 539 2250 Diod.
558 2219 579 2251 l.
598 2219 619 2250 l.
654 2219 752 2260 Πλη-

84 2263 208 2313 μίιιος
246 2260 265 2294 ὁ
305 2264 548 2299 κατασταθεὶς
586 2264 752 2308 Λοκρῶν

84 2303 132 2350 ἡ)
135 2304 233 2350 eadm
256 2319 357 2350 naon
375 2309 601 2346 Σκιπίωιος,
627 2310 750 2341 ebenso

85 2354 241 2394 Appiana
261 2353 407 2403 ‹lagegen
427 2353 522 2384 Zon.:
548 2352 753 2405 ἐπιτρέψας

84 2395 150 2439 τὴν
166 2398 293 2430 πᾶσαν
312 2395 424 2430 πόλιι
442 2394 509 2429 δύο
528 2396 749 2441 χιλιάοχοις.

130 2442 227 2474 6—8.
245 2444 311 2474 ita'
306 2455 334 2474 in
351 2454 386 2474 so
400 2442 476 2474 ausf
471 2443 620 2474 illender
635 2444 751 2475 Weise

83 2502 128 2515 Ξ
143 2490 286 2531 superbe
309 2491 343 2519 et
365 2488 545 2520 crudeliter
564 2491 595 2519 et
613 2491 659 2520 ela
676 2491 751 2531 qui-

83 2533 160 2565 dem
176 2537 225 2573 ut,
244 2534 308 2573 vgl.
330 2545 356 2565 c.
371 2534 401 2573 6,
419 2534 470 2564 17.
485 2552 526 2556 -
542 2544 654 2565 verum
669 2546 696 2565 e.
710 2545 750 2576 2·.,

84 2588 110 2609 s.
136 2577 190 2618 24,
215 2579 246 2618 5,
271 2579 289 2610 2
309 2590 338 2610 u.
355 2589 401 2609 n.:
431 2579 511 2609 aher
529 2579 557 2609 in
577 2579 635 2610 der
653 2579 749 2611 Thai.

83 2640 127 2645 -—
142 2624 361 2666 praeside'arz',
395 2624 486 2655 Fest.
512 2635 541 2665 p.
561 2623 640 2656 306:

82 2668 305 2710 praeSt‘de'ari,
327 2672 406 2701 ante
423 2680 479 2701 eos
499 2669 748 2710 (subsidz'arios)

156 2724 214 2750 Tit.
235 2724 293 2750 Liv.
315 2724 362 2752 Vi.
384 2726 410 2750 2.
431 2723 507 2751 Auss.

674 2624 724 2656 dic
728 2627 754 2656 tt·

827 1544 981 1577 collocati
997 1545 1053 1585 qui
1064 1545 1173 1583 erant,
1186 1545 1291 1574 autin
1304 1542 1413 1584 aliquo
1426 1541 1497 1574 loco

824 1590 1029 1633 praepositi,
1063 1589 1121 1619 dus
1146 1587 1248 1620 Wort
1276 1589 1404 1619 scheint
1427 1587 1496 1618 sich

827 1640 899 1666 erst
915 1635 967 1665 bei
985 1634 1022 1665 L.
1041 1645 1083 1664 zu
1101 1634 1208 1665 finden
1223 1634 1286 1664 und
1302 1633 1496 1664 hezeichnet

828 1680 981 1711 dasselbe
1004 1680 1066 1710 wie
1086 1677 1106 1720 ξ
1125 1679 1160 1710 5:
1177 1679 1347 1722 praesidio
1365 1678 1494 1710 relicto.

827 1743 872 1748 —
887 1724 1028 1763 scelere,
1063 1723 1330 1763 Ruchlosigkeit,
1359 1724 1411 1754 die
1429 1722 1495 1754 Re—

828 1770 928 1809 ligion
946 1770 1011 1800 und
1029 1768 1235 1800 Sittlichkeit
1252 1769 1407 1807 verletzt,
1427 1767 1494 1807 vgl.

827 1825 854 1845 c.
873 1815 924 1853 17,
945 1814 997 1852 183
1017 1813 1047 1851 4,
1067 1813 1096 1853 2,
1115 1813 1169 1844 14:
1187 1813 1350 1845 adversus
1364 1812 1492 1852 scelus-3

827 1858 880 1899 31,
901 1859 953 1897 30,
972 1859 1009 1896 93
1030 1858 1082 1897 40,
1102 1858 1129 1898 8,
1152 1857 1210 1896 163
1230 1859 1272 1889 ib.
1292 1858 1345 1897 39,
1365 1857 1401 1888 9:
1421 1867 1494 1888 sce-

825 1904 878 1935 lus
896 1907 928 1935 et
939 1903 1101 1946 perfidia,
1133 1903 1200 1934 Cic.
1220 1903 1316 1935 Verr.
1336 1904 1366 1940 5,
1386 1904 1416 1941 9,
1435 1902 1492 1934 24:

825 1951 986 1981 αιάνίΐιάθ
1002 1948 1194 1990 scelerique.
1219 1966 1265 1971 —
1286 1948 1394 1990 inopi,
1421 1947 1494 1979 dem

825 1994 1010 2033 Hiilssosen,
1045 1994 1104 2024 der
1130 1994 1198 2025 sich
1223 1994 1312 2024 nicht
1335 1992 1493 2024 schiitzen

825 2039 928 2077 kann3
961 2038 1045 2070 iiber
1067 2039 1128 2070 den
1152 2039 1308 2078 Singular
1332 2048 1358 2069 s.
1384 2037 1438 2076 23,
1462 2036 1494 2077 3,

827 2084 885 2123 1ος
920 2083 951 2125 2,
969 2083 999 2122 3,
1018 2084 1048 2115 4.
1067 2103 1108 2107 -—
1123 2086 1155 2115 in
1175 2083 1348 2127 oppidum,
1367 2083 1445 2114 weil
1461 2083 1493 2113 in

823 2130 883 2161 der
900 2130 1015 2161 litotes
1028 2129 1112 2160 m'lzil
1120 2131 1402 2171 praetermissum
1418 2128 1494 2159 das-

824 2175 916 2206 selbe
940 2175 1024 2213 liegt
1046 2175 1108 2204 wie
1132 2175 1162 2205 in
1187 2175 1258 2204 dem
1277 2173 1354 2213 fulg.
1372 2173 1492 2204 editae.

821 2237 867 2243 —-
884 2230 1042 2263 corpora,
1077 2219 1146 2249 ihre
1165 2219 1280 2258 eigene
1299 2218 1441 2259 Person,
1465 2228 1493 2249 s.

824 2265 876 2303 21,
894 2264 945 2305 13,
961 2265 991 2296 S.
1024 2264 1082 2295 Die
1096 2263 1234 2294 Periode
1249 2264 1293 2295 ist
1305 2263 1492 2302 chiustisch,

823 2311 880 2341 das
900 2321 938 2340 zu
959 2310 1072 2340 beiden
1093 2308 1230 2339 'l‘heilen
1256 2319 1296 2339 zu
1320 2308 1491 2339 denkende

823 2357 863 2386 ab
888 2355 970 2386 duee
991 2373 1035 2377 —
1057 2354 1221 2385 militibus
1244 2355 1333 2385 steht
1356 2353 1406 2384 als
1433 2353 1491 2384 das

825 2400 1035 2431 Bedentende
1055 2400 1086 2430 in
1105 2399 1164 2430 der
1182 2398 1289 2431 Mitte.

870 2445 990 2476 9—11.
1023 2455 1102 2475 nam
1121 2449 1200 2482 etc.,
1234 2444 1314 2474 doch
1340 2453 1411 2474 war
1439 2443 1491 2474 die

825 2490 1067 2529 Grausainkeit,
1082 2489 1132 2520 die
1149 2500 1209 2520 nur
1224 2488 1400 2520 Menschen
1415 2498 1492 2519 ver-

823 2535 1139 2575 letzte,nichtd·1s
1158 2534 1317 2573 Aergste,
1336 2534 1421 2564 denn
1439 2533 1491 2564 die

823 2580 989 2611 Hibsucht
1008 2591 1036 2610 u.
1053 2590 1079 2610 s.
1100 2589 1139 2610 w.
1134 2604 1151 2620 .,
1174 2590 1199 2610 s.
1220 2579 1273 2617 30,
1294 2579 1346 2619 29,
1365 2578 1403 2616 43
1438 2578 1491 2621 39,

823 2625 874 2666 26,
895 2625 926 2655 3
944 2643 988 2647 —
1006 2625 1176 2668 lhos-erup,
1198 2624 1290 2655 Diod.
1310 2625 1330 2655 1.
1350 2624 1390 2654 l.:
1411 2603 1491 2655 ἔπι-

822 2670 1056 2713 φανέστατον
1068 2670 1142 2703 τῶν
1154 2666 1246 2701 κατὰ
1261 2665 1325 2710 τὴν
1332 2666 1491 2702 Ἰταλίαν

1181 2726 1220 2757 17

1526 1370 1546 1402 9
