1784 2967
72 245 98 263 a.
114 237 168 264 ch.
184 238 244 263 208.
521 229 647 261 LIBER
671 228 813 262 XXVII.
860 229 953 262 CAP.
979 230 1033 263 25.

1423 231 1476 271 65

182 330 236 369 De
257 329 472 369 Tarentinis
498 331 587 370 inde
607 343 744 381 magna
767 331 1016 370 contentione
1036 331 1076 370 in
1098 336 1235 371 senatu
1256 337 1385 371 actum
1407 345 1476 372 co-

69 398 152 424 ram
173 386 313 435 Fabio,
336 387 564 426 defendente
584 388 671 438 ipso
689 399 788 438 quos
813 393 965 437 ceperat
985 388 1117 435 armis,
1140 388 1221 427 aliis
1242 389 1418 435 infensis,
1440 394 1477 428 et

68 442 263 493 plerisque
283 443 537 494 aequantibus
554 456 621 482 eos
639 442 926 494 Campanorum
946 456 1068 483 noxae
1086 457 1320 496 poenaeque.
1362 457 1477 485 sena-

70 503 133 537 tus
164 499 384 538 consultum
413 500 453 540 in
481 500 710 539 sententiam
743 499 804 538 M’.
835 499 928 538 Acili
953 500 1095 539 factum
1118 506 1196 546 est,
1226 506 1267 540 ut
1289 502 1475 552 oppidum

70 555 263 606 praesidio
286 556 546 595 custodiretur
568 556 842 607 Tarentinique
859 567 996 594 omnes
1013 556 1113 595 intra
1130 557 1281 596 moenia
1299 558 1475 597 contine-

68 617 212 656 rentur,
234 624 294 651 res
316 612 463 663 integra
484 617 618 663 postea
641 612 860 656 referretur,
884 624 970 650 cum
993 613 1233 663 tranquillior
1254 619 1378 652 status
1399 614 1477 653 Ita-

69 667 140 706 liae
162 673 275 707 esset.
317 673 354 707 et
373 669 419 707 de
439 669 486 707 M.
504 668 611 707 Livio
634 669 827 719 praefecto
846 668 944 707 arcis
962 669 1190 708 Tarentinae
1205 670 1306 708 haud
1325 670 1477 709 minore

70 724 276 763 certamine
293 729 420 763 actum
439 729 508 770 est,
529 725 610 764 aliis
624 730 780 764 senatus
796 725 973 763 consulto
984 725 1211 764 notantibus
1224 727 1476 776 praefectum,

69 781 175 830 quod
198 780 280 819 eius
303 781 483 820 socordia
503 782 712 820 Tarentum
736 781 932 832 proditum
950 781 1054 820 hosti
1072 787 1187 827 esset,
1209 782 1289 821 aliis
1307 783 1478 832 praemia

71 836 383 884 decernentibus,
406 838 509 888 quod
531 851 599 889 per
619 837 927 889 quinquennium
949 850 1075 876 arcem
1097 843 1240 877 tutatus
1259 843 1373 884 esset,
1392 851 1478 877 ma-

69 892 247 943 ximeque
274 893 389 932 unius
421 895 504 933 eius
534 907 652 945 opera
676 899 874 945 receptum
897 894 1106 932 Tarentum
1128 894 1247 941 foret,
1270 895 1407 934 mediis
1430 895 1476 934 ad

69 961 252 988 censores
283 961 363 988 non
391 951 437 989 ad
468 956 645 990 senatum
673 951 873 989 notionem
898 950 943 988 de
965 963 1010 989 eo
1034 950 1229 1001 pertinere
1246 951 1475 990 dicentibus.

35 1047 38 1052 ,
69 1005 178 1043 cuius
217 1007 429 1045 sententiae
464 1012 501 1045 et
526 1007 665 1046 Fabius
701 1006 792 1054 fuit3
829 1007 968 1045 adiecit
996 1011 1127 1045 tamen
1154 1006 1265 1045 fateri
1294 1020 1335 1045 se
1359 1019 1477 1058 opera

68 1061 148 1099 Livi
173 1061 381 1100 Tarentum
403 1068 612 1113 receptum,
637 1063 738 1113 quod
763 1063 872 1101 amici
894 1063 974 1100 eius
997 1063 1108 1112 vulgo
1131 1062 1169 1100 in
1187 1067 1322 1101 senatu
1337 1063 1478 1102 iactas-

71 1122 169 1163 sent,
192 1129 317 1168 neque
339 1118 438 1157 enim
461 1120 730 1169 recipiundum
751 1119 884 1164 fuisse,
907 1118 982 1156 nisi
1005 1119 1192 1157 amissum
1215 1119 1327 1157 foret.

184 1173 396 1213 Consulum
419 1175 511 1213 alter
532 1175 576 1213 Τ.
598 1175 802 1222 Quinctius
824 1174 1027 1225 Crispinus
1050 1175 1096 1213 ad
1119 1176 1340 1222 exercitum,
1364 1188 1477 1226 quem

71 1229 116 1275 Q.
138 1229 292 1269 Fulvius
316 1231 474 1269 Flaccus
504 1231 709 1275 habuerat,
740 1243 827 1269 cum
855 1231 1127 1281 supplemento
1156 1231 1194 1269 in
1216 1231 1392 1270 Lucanos
1421 1237 1480 1270 est

69 1285 281 1336 profectus.
317 1287 540 1325 Marcellum
563 1287 655 1325 aliae
677 1292 789 1338 atque
811 1287 905 1325 aliae
926 1286 1097 1325 obiectae
1118 1287 1248 1325 animo
1270 1287 1477 1338 religiones

68 1342 259 1390 tenebant,
281 1342 318 1380 in
338 1342 492 1393 quibus,
510 1343 627 1394 quod,
646 1356 734 1382 cum
756 1343 855 1381 bello
874 1343 1016 1381 Gallico
1035 1343 1081 1382 ad
1099 1343 1324 1382 Clastidium
1341 1345 1477 1383 aedem

72 1475 122 1515 17,
141 1476 171 1507 4.

114 1516 183 1552 25.
212 1520 329 1553 1—10.
358 1522 637 1563 Verbandlungen
655 1522 738 1554 iiber

68 1565 212 1605 Tarent3
236 1567 295 1598 der
312 1567 450 1609 Teinpel
467 1569 524 1599 des
545 1567 655 1598 Honos
672 1568 735 1599 und

69 1611 129 1642 der
144 1610 281 1651 Virtus3
306 1611 373 1644 Cic.
399 1613 469 1644 Cat.
488 1623 528 1644 m.
550 1614 584 1653 4,
614 1613 672 1651 103
697 1613 736 1644 de

70 1656 127 1688 Or.
147 1656 182 1696 2,
201 1656 260 1697 67,
280 1657 361 1696 2733
387 1657 473 1690 Plut.
491 1657 571 1689 Fab.
590 1657 642 1689 23.
662 1657 736 1690 Val.

69 1701 158 1732 Max.
180 1701 208 1742 1,
228 1702 254 1741 1,
273 1701 303 1733 S.

118 1745 226 1777 1-2,
252 1756 366 1778 coram
384 1746 434 1787 F,
453 1748 522 1786 der,
541 1748 579 1778 da
598 1748 661 1778 ihm
679 1748 736 1779 das

69 1790 238 1832 imperium
263 1792 352 1823 nicht
374 1792 568 1832 verl'angert
591 1793 737 1832 worden,

69 1837 150 1866 nach
166 1835 245 1866 Rom
264 1836 603 1876 zu1·iickgekeh1·tist;
623 1837 737 1868 seinen

71 1880 243 1922 Triumph,
267 1892 293 1913 s.
320 1892 346 1912 c.
366 1881 425 1920 20,
450 1882 486 1921 9,
511 1883 566 1913 hat
583 1881 618 1912 L.
639 1881 739 1913 iiber-

68 1936 211 1966 gangen.
234 1945 276 1948 —
301 1926 518 1967 defendente,
544 1937 580 1957 er
597 1927 672 1958 tritt
689 1927 738 1958 als

70 1975 229 2012 patronus
254 1971 312 2002 der
334 1970 533 2003 Tarentiner
555 1971 620 2002 auf.
639 1989 683 1994 —
708 1975 741 2003 et

68 2015 214 2059 plerisq.,
232 2017 296 2047 und
315 2026 406 2047 zwar
423 2018 501 2048 sehr
517 2016 605 2048 viele
620 2016 650 2047 in
667 2017 739 2048 dem

71 2060 181 2092 Grade
206 2061 281 2092 dass
299 2072 330 2092 u.
350 2071 376 2092 s.
396 2071 437 2092 w.
454 2080 498 2084 -
514 2072 637 2101 nooeae,
657 2062 738 2092 nach

71 2106 129 2136 der
142 2105 328 2139 bekannten
338 2104 450 2137 Riirze
459 2106 490 2136 in
499 2106 738 2146 Vergleichun-

71 2160 144 2190 gen,
163 2160 189 2181 s.
208 2150 238 2190 2,
260 2150 310 2190 13,
330 2151 367 2188 8,
386 2150 416 2189 8,
438 2150 488 2191 18,
510 2151 560 2182 11.
592 2151 641 2182 Zu
657 2162 738 2194 poe-

70 2205 134 2225 nae
147 2196 264 2234 gehort
272 2196 531 2236 aequantibus-in
542 2196 613 2227 dem
623 2196 737 2228 Sinne:

72 2239 178 2279 gleich
212 2240 349 2279 gestent·
381 2241 498 2278 sehen,
533 2241 564 2271 in
593 2241 740 2281 gleicher

73 2283 190 2315 Weise
214 2283 356 2316 bestraft
379 2285 499 2316 wissen
525 2285 672 2317 wollten.
695 2304 739 2308 —

71 2329 158 2361 Acz'l.
176 2339 203 2360 s.
223 2340 248 2360 c.
268 2329 299 2369 4,
317 2329 367 2360 10.
382 2347 426 2352 -
438 2331 528 2361 intra
543 2341 663 2369 moen„
677 2331 739 2362 wie

73 2374 125 2405 die
135 2373 325 2415 Campaner,
342 2373 394 2414 26,
410 2374 577 2413 27‚12.—
590 2376 737 2417 integra,

71 2419 139 2459 vgl.
154 2429 181 2449 c.
197 2420 226 2456 9,
247 2418 295 2450 10.
324 2419 382 2449 Die
398 2419 553 2460 spiiteren
567 2419 739 2451 Verhand-

71 2463 193 2503 lungen
232 2464 286 2495 hat
324 2463 360 2494 L.
398 2464 625 2504 iibergangen,
658 2465 738 2496 nach

73 2508 193 2540 Strabo
213 2508 243 2548 6,
262 2508 282 2539 4
301 2520 331 2550 p.
350 2508 432 2539 281:
459 2509 544 2552 περὶ
562 2506 605 2540 τὰ
626 2507 739 2542 Ἀννί-

73 2556 152 2595 βεια
169 2554 229 2584 καὶ
243 2551 309 2594 τὴν
323 2552 536 2595 ἐλευθερίαν
551 2551 740 2598 ἀφῃρέθη-

74 2606 159 2637 σαν,
189 2598 346 2629 verloren
371 2599 422 2629 die
445 2598 647 2630 Tarentiner
669 2600 739 2631 ihre

74 2642 365 2684 Selbstfindigkest,
383 2653 452 2674 was
471 2643 523 2683 35,
545 2643 596 2685 16,
615 2643 633 2674 3
652 2644 740 2676 nicht

146 2697 205 2724 Tit.
226 2697 285 2724 Liv.
307 2697 352 2723 Vl.
379 2697 405 2726 2.
427 2698 504 2727 Aust.

810 1476 965 1508 beachtet
981 1477 1078 1508 wird.

855 1521 954 1553 3—5.
979 1521 1083 1562 Livio,
1102 1531 1128 1553 5.
1147 1532 1174 1553 c.
1189 1521 1241 1563 34,
1257 1522 1287 1553 7.
1301 1539 1346 1545 —
1358 1525 1478 1554 notan-

811 1568 916 1605 tibus,
958 1565 1078 1598 darauf
1104 1571 1283 1608 antrugen,
1316 1568 1393 1599 dass
1426 1569 1477 1600 eiu

811 1611 915 1643 Tadel
929 1622 1032 1652 gegeu
1048 1612 1100 1642 ihn
1115 1613 1478 1654 ausgesprochenwer-

811 1657 863 1697 de,
876 1657 944 1697 vgl.
959 1667 985 1688 c.
1003 1656 1056 1695 20,
1077 1656 1268 1689 12.—n0ta
1281 1658 1345 1688 und
1358 1661 1480 1691 notare

811 1702 894 1732 wird
913 1700 1005 1733 ostiu
1021 1702 1254 1733 dieserWeise
1269 1713 1340 1733 vom
1357 1702 1478 1735 Senate

809 1747 1006 1787 gebraucht,
1037 1747 1104 1786 vgl.
1135 1746 1213 1778 Tac.
1243 1747 1327 1778 Ann.
1354 1747 1390 1787 3,
1420 1747 1479 1779 31:

809 1802 905 1822 eccene
907 1791 964 1834 pla
974 1793 1154 1831 maim-um,
1163 1794 1220 1832 qui
1230 1794 1325 1823 iuven
1331 1794 1413 1824 tutis
1426 1794 1481 1824 in-

810 1838 1030 1868 reverentiam
1056 1837 1222 1878 graribus
1250 1837 1393 1868 decretis
1417 1848 1478 1869 ηο-

812 1882 985 1912 tavissent.
1003 1898 1048 1903 —-
1063 1880 1193 1921 mediis,
1210 1891 1236 1912 s.
1253 1881 1306 1921 26,
1321 1881 1373 1920 21,
1390 1882 1420 1913 5.
1435 1900 1480 1904 -—

810 1928 995 1963 notionem,
1025 1926 1077 1956 die
1107 1924 1407 1957 Henntnissnahme
1437 1927 1479 1958 im

812 1970 941 2002 Betreff
954 1971 1010 2001 des
1030 1970 1146 2002 Livius
1164 1970 1259 2002 kiime
1277 1971 1338 2002 den
1357 1971 1481 2003 Censo-

812 2026 869 2047 ren
890 2026 947 2055 zu,
972 2015 1062 2046 diese
1080 2016 1194 2046 hatten
1214 2026 1254 2046 Lu
1273 2015 1478 2057 bestiinmen,

812 2060 851 2091 ob
881 2060 963 2091 iiber
986 2061 1038 2091 ihu
1064 2060 1136 2091 eine
1161 2060 1253 2100 Riige
1277 2070 1479 2103 auszuspre-

812 2106 893 2136 chen
912 2105 979 2145 sei,
1003 2115 1028 2136 s.
1048 2104 1158 2145 Lange
1181 2105 1215 2145 1,
1239 2105 1323 2144 5833
1352 2105 1381 2145 2,
1404 2106 1477 2138 164.

809 2168 854 2173 —
871 2152 966 2181 cuius
979 2161 1017 2189 s.,
1033 2160 1059 2180 S.
1078 2150 1104 2189 1,
1120 2150 1149 2189 8,
1166 2149 1201 2188 33
1222 2150 1312 2181 diese
1327 2151 1477 2191 Ansicht,

811 2196 892 2226 nach
915 2195 974 2225 der
997 2195 1065 2225 sich
1091 2195 1151 2225 der
1167 2194 1269 2226 Senat
1287 2194 1339 2225 siir
1357 2195 1479 2226 incom-

811 2243 926 2281 petent
945 2239 1083 2278 erkliirt,
1103 2239 1231 2270 scheint
1249 2240 1478 2279 durcbgegan-

810 2295 871 2325 gen
887 2294 928 2314 zu
943 2284 1025 2315 sein.
1035 2301 1079 2306 —
1089 2283 1215 2315 Fabius
1225 2285 1307 2315 wird
1318 2285 1478 2325 erwiihnt,

810 2339 864 2360 um
878 2329 935 2360 (las
946 2329 1040 2369 Folg.
1056 2327 1351 2370 anzukniipfen.—
1365 2340 1476 2372 opera,

812 2374 968 2412 ironisch,
987 2384 1013 2404 s.
1033 2372 1097 2404 Cic.
1119 2373 1153 2404 ll.
1174 2374 1208 2404 ll.

857 2418 988 2449 7-10.
1014 2417 1207 2459 reh'giones,
1233 2418 1389 2458 religiose
1415 2419 1477 2450 Be-

811 2463 938 2495 denken
968 2463 1104 2494 stellten
1135 2463 1202 2493 sich
1228 2464 1290 2494 ihm
1315 2468 1478 2504 entgegen

811 2509 875 2540 und
893 2508 1015 2539 hielten
1034 2508 1085 2538 ihu
1104 2508 1245 2546 zuriick,
1270 2519 1296 2540 s,
1315 2519 1341 2539 c.
1362 2508 1421 2548 23,
1448 2509 1477 2540 1.

811 2573 852 2576 —
880 2553 961 2585 hello
982 2552 1036 2590 G.‚
1061 2552 1091 2582 in
1116 2553 1238 2583 seinein
1259 2558 1369 2584 ersten
1390 2553 1479 2585 Con-

812 2599 930 2638 sulate,
949 2608 976 2629 s.
996 2597 1154 2628 Periocha
1169 2597 1229 2636 203
1248 2597 1321 2629 Val.
1337 2597 1425 2629 Max.
1450 2599 1476 2640 1,

816 2644 848 2684 1,
874 2643 910 2682 83
939 2653 1088 2683 ungenau
1111 2642 1227 2674 Cicero
1246 2642 1345 2675 Verr.
1363 2643 1402 2685 4,
1424 2643 1478 2684 55,

1190 2699 1209 2729 5

1504 333 1558 372 25
