1784 2967
228 230 281 269 56

666 223 795 256 LIBER
819 223 960 257 XXVII.
1010 223 1102 256 CAP.
1131 223 1183 256 20.

1483 239 1509 257 a.
1524 239 1553 257 u.
1567 232 1630 258 545.

178 338 200 370 4
226 329 312 369 belli
333 329 435 368 haud
456 339 592 379 parum
616 326 840 378 opportuni.
868 326 922 366 ibi
943 326 1248 372 conferentibus,
1271 325 1362 376 quid
1384 325 1424 363 in
1445 325 1631 376 cuiusque

226 385 447 438 provinciae
479 385 639 434 regione
669 383 889 422 animorum
916 382 1100 434 Hispanis
1129 387 1249 427 esset,
1286 393 1387 420 unus
1417 381 1631 420 Hasdrubal

227 441 409 492 Gisgonis
436 440 611 479 ultimam
638 439 845 490 Hispaniae
875 452 1004 486 oram,
1031 451 1129 490 quae
1156 439 1201 477 ad
1232 438 1428 477 Oceanum
1459 443 1495 477 et
1516 438 1630 476 Gadis

226 498 364 548 vergit,
397 497 567 547 ignaram
595 496 720 536 adhuc
740 496 1005 535 Romanorum
1029 508 1136 542 esse,
1158 507 1282 545 eoque
1303 494 1631 545 Carthaginiensi-

178 564 197 596 5
226 554 298 593 bus
321 553 413 592 satis
436 553 552 591 fidam
571 553 767 599 censebat,
788 553 887 591 inter
904 552 1182 591 Hasdrubalem
1201 552 1361 590 alterum
1379 556 1415 590 et
1430 551 1631 601 Magonem

227 609 429 649 constabat
448 609 644 648 beneficiis
662 609 855 660 Scipionis
878 614 1089 659 occupatos
1113 608 1288 646 omnium
1311 608 1462 646 animos
1481 607 1632 658 publice

224 667 481 718 privatimque
497 678 594 713 esse,
612 678 684 705 nec
699 665 991 704 transitionibus
1008 666 1124 703 linem
1142 670 1230 704 ante
1246 665 1342 710 fore,
1361 676 1476 715 quam
1494 675 1632 702 omnes

225 722 387 774 Hispani
418 722 557 761 milites
589 727 654 761 aut
682 722 721 760 in
754 722 887 759 ultima
913 721 1121 771 Hispaniae
1159 721 1279 760 amoti
1308 726 1373 759 aut
1398 720 1563 759 traducti
1592 720 1631 758 in

177 787 197 819 6
228 779 386 817 Galliam
409 779 549 817 forent.
590 778 737 828 itaque,
767 777 880 816 etiam
911 777 943 816 si
971 783 1128 816 senatus
1150 777 1523 827 Carthaginiensium
1551 788 1632 815 non

227 835 460 881 censuisset,
481 834 651 873 eundum
679 840 808 872 tamen
830 833 1060 872 Hasdrubali
1080 834 1201 872 fuisse
1221 835 1260 873 in
1280 833 1437 880 Italiam,
1458 833 1523 872 ubi
1545 833 1631 872 belli

226 896 358 942 caput,
381 903 511 929 rerum
535 902 689 929 summa
710 895 829 937 esset,
859 890 975 928 simul
995 896 1038 928 ut
1059 890 1254 941 Hispanos
1278 890 1407 929 omnis
1430 890 1565 941 procul
1586 889 1632 928 ab

178 958 196 989 7
225 947 384 986 nomine
421 946 617 998 Scipionis
653 959 697 985 ex
725 946 909 997 Hispania
938 947 1158 985 abduceret:
1196 947 1403 985 exercitum
1433 947 1514 985 eius
1544 958 1632 985 cum

224 1003 520 1042 transitionibus
549 1008 631 1042 tum
660 1003 821 1042 adverso
844 1003 992 1053 proelio
1017 1003 1265 1041 imminutum
1289 1003 1470 1053 Hispanis
1494 1002 1632 1053 repleri

225 1059 431 1106 militibus,
462 1065 497 1098 et
519 1060 723 1109 Magonem
748 1059 976 1098 Hasdrubali
999 1059 1180 1110 Gisgonis
1203 1060 1278 1098 filio
1301 1059 1441 1098 tradito
1464 1058 1631 1097 exercitu

225 1115 356 1166 ipsum
385 1128 471 1154 cum
502 1116 636 1166 grandi
663 1116 826 1166 pecunia
853 1116 897 1154 ad
929 1116 1179 1155 conducenda
1207 1116 1384 1154 mercede
1421 1115 1561 1154 auxilia
1592 1115 1631 1154 in

176 1179 197 1211 8
225 1171 384 1211 Baliaris
406 1172 582 1218 traicere,
613 1172 889 1211 Hasdrubalem
913 1173 1094 1222 Gisgonis
1119 1185 1206 1211 cum
1229 1172 1394 1210 exercitu
1418 1172 1571 1223 penitus
1593 1172 1632 1210 in

226 1228 462 1267 Lusitaniam
485 1228 590 1267 abire
610 1240 682 1267 nec
699 1241 785 1267 cum
805 1229 990 1267 Romanis
1007 1241 1145 1268 manus
1165 1241 1386 1276 conserere,
1407 1229 1634 1268 Masinissae

225 1395 288 1416 von
307 1385 444 1417 consilio
460 1385 673 1425 abzuhiingen
691 1400 735 1411 =
752 1386 891 1417 consilio

225 1430 383 1471 capiendo
407 1431 437 1461 iu
462 1435 573 1461 cetera
598 1441 712 1472 exeq.,
744 1431 824 1462 doch
850 1431 894 1462 ist

226 1476 331 1506 sowol
350 1476 440 1506 diese
457 1475 680 1514 Verbindung,
696 1476 757 1506 wie
771 1475 891 1515 jedoeh

224 1521 305 1551 auch
324 1521 458 1551 manche
476 1521 598 1551 andere
618 1520 667 1551 bei
687 1520 734 1557 L.,
753 1531 780 1551 s.
796 1531 822 1552 c.
842 1520 889 1562 18,

226 1564 244 1595 6
255 1575 262 1600 ;
275 1565 304 1603 7,
315 1564 367 1604 25,
379 1565 415 1595 9:
430 1566 463 1596 in
477 1576 562 1607 quae
575 1565 803 1597 laboravimus
813 1570 890 1603 εἷα,

227 1609 283 1646 lo,
301 1609 362 1649 25,
384 1610 439 1641 12:
468 1613 500 1641 in
530 1613 711 1651 utramque
734 1614 892 1642 auctores

223 1657 322 1692 sunt,
346 1655 413 1694 vgl.
431 1655 467 1694 3,
487 1655 545 1694 53,
566 1655 602 1693 83
629 1656 666 1693 4,
686 1655 892 1695 59,11,a1s

225 1700 277 1730 die
296 1699 476 1739 Trennung
499 1700 556 1731 des
577 1700 728 1731 Genitivs
752 1711 815 1731 von
841 1711 892 1732 ce-

225 1747 313 1784 tera,
340 1745 407 1785 vgl.
430 1745 464 1783 7,
490 1744 526 1784 8,
551 1746 589 1786 5,
621 1746 891 1785 ungewo'hnlich3

224 1789 357 1829 Madvig
384 1800 485 1820 verm.
509 1792 541 1821 iu
572 1793 684 1822 cetera
707 1802 893 1832 eal-sequen-

223 1834 258 1866 di
280 1834 374 1872 belli,
405 1835 484 1865 doch
511 1835 640 1866 scheint
661 1838 693 1866 in
718 1839 829 1867 cetera
850 1851 895 1862 =

221 1889 284 1922 pro
309 1880 439 1921 reliqua
468 1883 500 1911 el
527 1882 559 1911 ἴῃ
587 1884 763 1923 poster-um
792 1882 892 1912 eben-

225 1935 260 1955 so
287 1925 535 1964 ungewiihnlich
566 1937 606 1956 zu
637 1927 724 1957 sein:
753 1936 893 1968 anspre-

224 1970 379 2009 chender,
397 1970 477 2000 aber
495 1971 559 2000 wol
579 1971 666 2002 nicht
681 1972 892 2011 nothwendig

224 2013 265 2044 im
292 2014 385 2053 Foig.
413 2017 589 2056 provincia
616 2019 647 2047 el
676 2019 823 2057 regione.
850 2036 892 2039 —

224 2061 336 2090 cetera
350 2061 398 2098 h.,
423 2069 448 2089 s.
468 2059 522 2097 26,
555 2060 586 2096 l,
606 2061 641 2090 6:
664 2062 792 2102 reliqua
809 2061 892 2101 belli,

225 2103 291 2140 vgl.
319 2103 354 2142 Τ,
378 2103 437 2141 25,
464 2103 518 2133 10:
545 2106 656 2134 celera
681 2107 796 2136 tristia
819 2108 892 2136 elas

223 2149 314 2179 anni.
329 2166 371 2169 —
389 2147 481 2178 ltaad
495 2158 539 2190 p.,
558 2149 620 2178 wie
639 2148 689 2190 36,
711 2150 760 2189 19,
780 2150 810 2180 7.

270 2192 386 2223 4-5,
412 2194 615 2234 comerent„
642 2193 675 2224 C.
692 2194 761 2225 Att.
783 2194 811 2234 1,
831 2194 889 2226 20:

224 2239 256 2268 εἰ
277 2237 357 2278 quid
378 2248 429 2268 res
446 2239 561 2279 feret,
585 2249 696 2270 eoram
721 2241 810 2271 iuter
830 2250 893 2270 nos

225 2283 457 2322 conferemus:
472 2283 571 2323 ,jeder
585 2284 642 2314 das
657 2284 808 2322 meldete,
823 2294 892 2315 was

224 2327 287 2357 ihm
303 2327 895 2370 bekanntwar.—eaiasquescheint

225 2370 283 2402 auf
297 2372 348 2402 die
368 2372 562 2411 Feldherrn,
583 2374 669 2404 nicht
686 2374 743 2404 auf
756 2377 892 2417 provin-

226 2418 295 2446 ciae
312 2417 378 2447 sich
398 2427 438 2447 zu
458 2417 631 2457 bezielwn,
657 2429 682 2449 s.
703 2419 762 2457 24,
781 2418 833 2458 43,
854 2418 890 2451 9:

226 2461 261 2497 4,
290 2460 345 2497 16,
373 2460 406 2492 S:
431 2464 537 2494 caius.
561 2465 709 2505 provinc.
734 2474 823 2504 regn,
841 2464 892 2494 die

228 2504 378 2543 Gegend,
405 2507 528 2537 welche
546 2525 590 2530 —
607 2509 812 2545 ausniachte3
832 2518 892 2538 zur

226 2549 329 2580 Sat-he
349 2561 375 2581 c.
395 2550 447 2586 35,
470 2552 525 2588 10,
548 2552 598 2591 26,
618 2553 671 2592 41,
687 2553 739 2583 20.
757 2571 801 2575 —
817 2551 890 2584 Gis-

224 2597 340 2634 gallis,
366 2605 391 2625 S.
413 2594 433 2636 ξ
452 2596 469 2624 3
489 2597 551 2626 und
572 2597 630 2635 25,
656 2598 714 2636 35,
742 2598 769 2628 1.
792 2616 835 2620 —
858 2600 891 2628 et

229 2637 325 2679 Gad„
349 2638 421 2679 fugt
445 2641 501 2671 das
526 2641 689 2682 Specielle
713 2643 822 2673 hiuzu.
845 2660 890 2665 —

964 1388 1087 1427 ignor„
1105 1385 1173 1423 vgl.
1187 1384 1308 1424 jedoel]
1327 1385 1380 1425 24,
1399 1384 1453 1423 42,
1471 1385 1502 1416 5.
1519 1404 1559 1408 -—
1581 1385 1634 1416 al—

966 1434 1088 1468 terum,
1108 1430 1223 1469 Magos
1239 1430 1375 1462 Bruder.
1390 1448 1434 1452 —
1447 1432 1632 1471 constabat,

964 1476 1026 1506 wie
1041 1477 1193 1507 convem't
1204 1477 1303 1515 inter,
1313 1475 1361 1506 sie
1375 1475 1542 1506 stimmten
1550 1486 1633 1515 ganz

965 1521 1057 1551 darin
1083 1520 1229 1550 iiberein.
1253 1538 1297 1542 —
1322 1522 1533 1560 transition„
1551 1521 1634 1552 iiber

965 1566 1025 1596 den
1046 1565 1153 1596 Dativ.
1172 1575 1198 1596 s,
1217 1565 1247 1603 2,
1270 1565 1319 1605 15,
1339 1564 1376 1603 33
1395 1565 1425 1604 3,
1446 1565 1475 1603 3,
1495 1565 1513 1597 8
1532 1577 1560 1598 u.
1580 1576 1610 1597 a.

1010 1610 1120 1641 6—7.
1146 1613 1285 1642 senatus
1302 1628 1345 1633 —
1363 1621 1460 1650 cens„
1478 1612 1537 1642 der
1555 1622 1581 1642 c.
1602 1612 1632 1650 5,

967 1655 1058 1686 11-—
1071 1655 1108 1686 13
1127 1656 1297 1686 erwiihnte
1314 1655 1405 1687 Plan.
1424 1674 1468 1678 —
1486 1655 1633 1688 eundum

954 1701 1004 1742 f.,
1025 1701 1055 1731 in
1075 1705 1159 1731 orat.
1180 1705 1289 1731 reeta:
1316 1701 1461 1732 eundum
1480 1702 1572 1742 suit.
1588 1719 1634 1724 -—

965 1748 1067 1788 caput
1084 1747 1124 1786 b.,
1143 1745 1195 1785 28,
1210 1745 1261 1786 42,
1286 1746 1342 1784 16;
1362 1745 1414 1786 26,
1432 1746 1460 1787 7,
1476 1746 1512 1776 3:
1533 1749 1635 1790 caput

965 1793 1079 1834 ipsum
1109 1790 1185 1822 belli
1206 1790 1357 1823 Romam.
1387 1810 1428 1814 —
1454 1802 1570 1823 reram
1592 1803 1632 1830 s.,

967 1836 1182 1867 erkliirendes
1200 1837 1406 1878 Asyndeton,
1425 1837 1492 1876 vgl.
1510 1836 1564 1876 25,
1579 1836 1633 1877 22,

968 1881 1002 1919 13
1028 1891 1089 1911 zur
1112 1881 1217 1912 Saehe
1243 1892 1268 1912 s.
1294 1892 1325 1912 v.
1344 1881 1472 1913 Vincke
1496 1882 1528 1913 S.
1552 1881 1633 1920 1413

966 1926 1042 1957 232.
1066 1944 1110 1949 —
1133 1928 1172 1957 ab
1190 1927 1341 1967 nomine,
1366 1937 1401 1957 so
1420 1928 1496 1958 dass
1513 1927 1562 1958 sie
1580 1927 1632 1958 ihu

966 1972 1055 2002 nicht
1078 1979 1205 2002 nennen
1230 1972 1359 2003 hiirten.
1383 1990 1428 1994 —
1451 1971 1635 2015 repleri—-

966 2019 1110 2048 traicere
1128 2021 1207 2056 etc.,
1226 2017 1277 2048 die
1296 2016 1461 2047 infinitive
1480 2017 1633 2048 bezeich-

965 2072 1026 2091 nen
1047 2062 1152 2100 nicht,
1175 2061 1238 2091 wie
1256 2061 1309 2100 26,
1332 2062 1382 2096 15,
1401 2061 1437 2098 93
1458 2061 1560 2101 s,37,
1581 2061 1632 2102 11,

965 2106 1023 2136 das
1048 2105 1177 2141 Sollen,
1201 2106 1344 2136 welches
1368 2105 1388 2147 ξ
1412 2106 1431 2136 6
1455 2107 1556 2137 durch
1581 2107 1633 2138 die

967 2148 1153 2180 W'ortform
1171 2151 1395 2189 ausgedriickt
1412 2151 1471 2191 ist,
1490 2152 1633 2183 sondern

965 2195 1092 2234 hiingen
1122 2205 1183 2225 von
1203 2195 1275 2226 dem
1293 2206 1334 2226 zu
1354 2195 1487 2227 Grundc
1506 2197 1633 2237 liegeu—

965 2240 1026 2270 den
1047 2240 1109 2270 und
1134 2238 1154 2280 §
1172 2240 1206 2270 S:
1231 2240 1285 2271 his
1304 2240 1447 2272 decretis
1466 2241 1634 2274 bestimmt

964 2286 1274 2325 ausgesprochem·n
1312 2286 1449 2325 Begriffe
1485 2287 1542 2318 des
1571 2287 1632 2318 Be-

965 2330 1167 2361 schliessens
1182 2330 1230 2370 ab,
1248 2331 1312 2370 vgl.
1328 2330 1381 2370 26,
1399 2331 1449 2370 10,
1465 2331 1500 2369 2;
1520 2332 1561 2363 ib.
1576 2331 1629 2370 32,

965 2374 996 2406 2,
1015 2385 1040 2405 s.
1061 2374 1285 2414 Naegelsbach
1301 2376 1374 2407 267.
1390 2394 1433 2399 —
1447 2379 1489 2416 et,
1509 2377 1631 2417 ferner,

964 2419 994 2449 in
1027 2420 1135 2459 Bezug
1163 2420 1222 2450 auf
1246 2419 1266 2461 ξ
1291 2420 1325 2451 6;
1355 2421 1500 2452 eandam
1530 2425 1630 2453 esset.

963 2465 1074 2505 ipsam
1099 2465 1188 2495 steht
1211 2466 1299 2496 nicht
1315 2467 1372 2496 mit
1390 2469 1423 2497 et
1439 2468 1468 2496 in
1489 2466 1630 2498 Verbin-

964 2510 1061 2548 dung,
1077 2510 1217 2540 sondern
1233 2510 1424 2550 setthago
1440 2512 1509 2541 dem
1522 2511 1628 2542 Heere

964 2560 1137 2592 enigegen.
1156 2573 1199 2576 —
1216 2555 1353 2593 Baliar„
1372 2555 1423 2593 23,
1443 2555 1496 2595 37,
1516 2557 1545 2586 5.

1009 2598 1038 2628 8.
1066 2598 1239 2638 Lusitani„
1265 2599 1317 2637 22,
1337 2600 1388 2639 20,
1413 2600 1462 2631 12.
1482 2618 1526 2623 —
1543 2600 1631 2641 quod

962 2653 991 2674 r.
1007 2653 1047 2683 e.,
1062 2645 1324 2683 vorangestellte
1333 2644 1553 2685 Bestimmung
1564 2655 1628 2676 von

1662 839 1702 871 10

1663 1120 1702 1151 15
