<?xml version="1.0" encoding="UTF-8"?>
<!DOCTYPE html PUBLIC "-//W3C//DTD XHTML 1.0 Transitional//EN"
    "http://www.w3.org/TR/xhtml1/DTD/xhtml1-transitional.dtd">
<html xmlns="http://www.w3.org/1999/xhtml" xml:lang="en" lang="en">
 <head>
  <title>
</title>
<meta http-equiv="Content-Type" content="text/html;charset=utf-8" />
  <meta name='ocr-system' content='tesseract 3.04.00' />
  <meta name='ocr-capabilities' content='ocr_page ocr_carea ocr_par ocr_line ocrx_word'/>
</head>
<body>
  <div class='ocr_page' id='page_1' title='image "./aburbeconditalib0506livyuoft_0436.png"; bbox 0 0 1784 2967; ppageno 0'>
   <div class='ocr_carea' id='block_1_1' title="bbox 694 261 1217 297">
    <p class='ocr_par' dir='ltr' id='par_1_1' title="bbox 694 261 1217 297">
     <span class='ocr_line' id='line_1_1' title="bbox 694 261 1217 297; baseline -0.004 -1"><span class='ocrx_word' id='word_1_1' title='bbox 694 262 821 296; x_wconf 88' lang='lat' dir='ltr'><strong>LIBER</strong></span> <span class='ocrx_word' id='word_1_2' title='bbox 845 261 986 297; x_wconf 85' lang='lat' dir='ltr'><strong>XXVII.</strong></span> <span class='ocrx_word' id='word_1_3' title='bbox 1042 262 1136 295; x_wconf 81' lang='lat' dir='ltr'>CAP.</span> <span class='ocrx_word' id='word_1_4' title='bbox 1165 261 1217 294; x_wconf 83' lang='grc'>19.</span> 
     </span>
    </p>
   </div>
   <div class='ocr_carea' id='block_1_2' title="bbox 1478 269 1651 296">
    <p class='ocr_par' dir='ltr' id='par_1_2' title="bbox 1478 269 1651 296">
     <span class='ocr_line' id='line_1_2' title="bbox 1478 269 1651 296; baseline 0.006 -1"><span class='ocrx_word' id='word_1_5' title='bbox 1478 294 1481 295; x_wconf 17' lang='grc'>3</span> <span class='ocrx_word' id='word_1_6' title='bbox 1502 278 1527 296; x_wconf 78' lang='grc' dir='ltr'>ι.</span> <span class='ocrx_word' id='word_1_7' title='bbox 1543 277 1572 295; x_wconf 92' lang='lat' dir='ltr'>u.</span> <span class='ocrx_word' id='word_1_8' title='bbox 1590 269 1651 296; x_wconf 78' lang='lat'>545.</span> 
     </span>
    </p>
   </div>
   <div class='ocr_carea' id='block_1_3' title="bbox 250 270 303 308">
    <p class='ocr_par' dir='ltr' id='par_1_3' title="bbox 250 270 303 308">
     <span class='ocr_line' id='line_1_3' title="bbox 250 270 303 308; baseline 0 0"><span class='ocrx_word' id='word_1_9' title='bbox 250 270 303 308; x_wconf 85' lang='lat'>54</span> 
     </span>
    </p>
   </div>
   <div class='ocr_carea' id='block_1_4' title="bbox 176 362 1660 1596">
    <p class='ocr_par' dir='ltr' id='par_1_4' title="bbox 199 362 1652 532">
     <span class='ocr_line' id='line_1_4' title="bbox 199 362 1652 419; baseline -0.006 -10"><span class='ocrx_word' id='word_1_10' title='bbox 199 377 220 408; x_wconf 87' lang='grc'>4</span> <span class='ocrx_word' id='word_1_11' title='bbox 247 382 335 409; x_wconf 87' lang='lat' dir='ltr'>rum</span> <span class='ocrx_word' id='word_1_12' title='bbox 356 380 486 419; x_wconf 86' lang='lat' dir='ltr'>regem</span> <span class='ocrx_word' id='word_1_13' title='bbox 508 379 596 406; x_wconf 87' lang='lat' dir='ltr'>eum</span> <span class='ocrx_word' id='word_1_14' title='bbox 618 365 763 417; x_wconf 81' lang='lat' dir='ltr'>ingenti</span> <span class='ocrx_word' id='word_1_15' title='bbox 785 378 979 405; x_wconf 88' lang='lat' dir='ltr'>consensu</span> <span class='ocrx_word' id='word_1_16' title='bbox 1001 364 1214 417; x_wconf 86' lang='lat' dir='ltr'>appellavit.</span> <span class='ocrx_word' id='word_1_17' title='bbox 1249 369 1333 403; x_wconf 86' lang='lat' dir='ltr'>tum</span> <span class='ocrx_word' id='word_1_18' title='bbox 1354 363 1484 414; x_wconf 84' lang='lat' dir='ltr'>Scipio</span> <span class='ocrx_word' id='word_1_19' title='bbox 1502 362 1652 401; x_wconf 88' lang='lat' dir='ltr'>silentio</span> 
     </span>
     <span class='ocr_line' id='line_1_5' title="bbox 247 418 1653 477; baseline -0.006 -12"><span class='ocrx_word' id='word_1_20' title='bbox 247 438 318 477; x_wconf 87' lang='lat' dir='ltr'>per</span> <span class='ocrx_word' id='word_1_21' title='bbox 334 435 566 476; x_wconf 80' lang='lat' dir='ltr'>praeconem</span> <span class='ocrx_word' id='word_1_22' title='bbox 582 423 684 462; x_wconf 85' lang='lat' dir='ltr'>facto</span> <span class='ocrx_word' id='word_1_23' title='bbox 702 422 775 461; x_wconf 91' lang='lat' dir='ltr'>sibi</span> <span class='ocrx_word' id='word_1_24' title='bbox 790 423 1002 462; x_wconf 84' lang='lat' dir='ltr'>maximum</span> <span class='ocrx_word' id='word_1_25' title='bbox 1019 432 1164 461; x_wconf 91' lang='lat' dir='ltr'>nomen</span> <span class='ocrx_word' id='word_1_26' title='bbox 1181 420 1426 471; x_wconf 88' lang='lat' dir='ltr'>imperatoris</span> <span class='ocrx_word' id='word_1_27' title='bbox 1443 431 1528 458; x_wconf 88' lang='lat' dir='ltr'>esse</span> <span class='ocrx_word' id='word_1_28' title='bbox 1548 418 1653 465; x_wconf 84' lang='lat' dir='ltr'>dixit,</span> 
     </span>
     <span class='ocr_line' id='line_1_6' title="bbox 247 475 1654 540; baseline -0.005 -20"><span class='ocrx_word' id='word_1_29' title='bbox 247 495 324 532; x_wconf 91' lang='lat' dir='ltr'>quo</span> <span class='ocrx_word' id='word_1_30' title='bbox 354 493 395 519; x_wconf 90' lang='lat' dir='ltr'>se</span> <span class='ocrx_word' id='word_1_31' title='bbox 423 480 563 519; x_wconf 77' lang='lat' dir='ltr'>milites</span> <span class='ocrx_word' id='word_1_32' title='bbox 591 479 653 518; x_wconf 93' lang='lat' dir='ltr'>sui</span> <span class='ocrx_word' id='word_1_33' title='bbox 679 479 961 530; x_wconf 69' lang='lat' dir='ltr'>appellassent,</span> <span class='ocrx_word' id='word_1_34' title='bbox 989 478 1136 540; x_wconf 82' lang='lat' dir='ltr'>regium</span> <span class='ocrx_word' id='word_1_35' title='bbox 1165 488 1326 523; x_wconf 89' lang='lat' dir='ltr'>nomen,</span> <span class='ocrx_word' id='word_1_36' title='bbox 1348 475 1435 515; x_wconf 91' lang='lat' dir='ltr'>alibi</span> <span class='ocrx_word' id='word_1_37' title='bbox 1457 487 1654 537; x_wconf 79' lang='lat' dir='ltr'>magnum,</span> 
     </span>
    </p>

    <p class='ocr_par' dir='ltr' id='par_1_5' title="bbox 198 531 1653 642">
     <span class='ocr_line' id='line_1_7' title="bbox 198 531 1653 586; baseline -0.005 -9"><span class='ocrx_word' id='word_1_38' title='bbox 198 547 217 577; x_wconf 85' lang='lat'>5</span> <span class='ocrx_word' id='word_1_39' title='bbox 250 539 396 576; x_wconf 88' lang='lat' dir='ltr'>Romae</span> <span class='ocrx_word' id='word_1_40' title='bbox 422 535 663 575; x_wconf 83' lang='lat' dir='ltr'>intolerabile</span> <span class='ocrx_word' id='word_1_41' title='bbox 690 547 800 582; x_wconf 71' lang='lat' dir='ltr'>esse3</span> <span class='ocrx_word' id='word_1_42' title='bbox 835 536 1000 586; x_wconf 83' lang='lat' dir='ltr'>regalem</span> <span class='ocrx_word' id='word_1_43' title='bbox 1029 534 1201 573; x_wconf 87' lang='lat' dir='ltr'>animum</span> <span class='ocrx_word' id='word_1_44' title='bbox 1231 533 1269 571; x_wconf 95' lang='lat' dir='ltr'>in</span> <span class='ocrx_word' id='word_1_45' title='bbox 1298 544 1335 571; x_wconf 84' lang='lat' dir='ltr'>se</span> <span class='ocrx_word' id='word_1_46' title='bbox 1357 544 1464 579; x_wconf 86' lang='lat' dir='ltr'>esse·</span> <span class='ocrx_word' id='word_1_47' title='bbox 1500 531 1532 570; x_wconf 90' lang='lat' dir='ltr'>si</span> <span class='ocrx_word' id='word_1_48' title='bbox 1554 531 1653 570; x_wconf 87' lang='lat' dir='ltr'>idm</span> 
     </span>
     <span class='ocr_line' id='line_1_8' title="bbox 245 563 1653 642; baseline -0.005 -10"><span class='ocrx_word' id='word_1_49' title='bbox 245 593 416 632; x_wconf 90' lang='lat' dir='ltr'>hominis</span> <span class='ocrx_word' id='word_1_50' title='bbox 439 592 592 642; x_wconf 85' lang='lat' dir='ltr'>ingenio</span> <span class='ocrx_word' id='word_1_51' title='bbox 615 591 900 642; x_wconf 89' lang='lat' dir='ltr'>amplissimum</span> <span class='ocrx_word' id='word_1_52' title='bbox 923 592 1128 636; x_wconf 82' lang='lat' dir='ltr'>ducerent,</span> <span class='ocrx_word' id='word_1_53' title='bbox 1159 589 1271 628; x_wconf 89' lang='lat' dir='ltr'>tacite</span> <span class='ocrx_word' id='word_1_54' title='bbox 1291 563 1526 633; x_wconf 66' lang='lat' dir='ltr'>iudicarent,</span> <span class='ocrx_word' id='word_1_55' title='bbox 1547 587 1653 626; x_wconf 87' lang='lat' dir='ltr'>vocis</span> 
     </span>
    </p>

    <p class='ocr_par' dir='ltr' id='par_1_6' title="bbox 198 643 1658 752">
     <span class='ocr_line' id='line_1_9' title="bbox 198 643 1656 700; baseline -0.004 -13"><span class='ocrx_word' id='word_1_56' title='bbox 198 656 217 687; x_wconf 88' lang='grc'>6</span> <span class='ocrx_word' id='word_1_57' title='bbox 246 649 500 700; x_wconf 88' lang='lat' dir='ltr'>usurpatione</span> <span class='ocrx_word' id='word_1_58' title='bbox 535 648 784 687; x_wconf 83' lang='lat' dir='ltr'>abstinerent.</span> <span class='ocrx_word' id='word_1_59' title='bbox 829 659 985 686; x_wconf 85' lang='lat' dir='ltr'>sensere</span> <span class='ocrx_word' id='word_1_60' title='bbox 1020 647 1136 685; x_wconf 91' lang='lat' dir='ltr'>etiam</span> <span class='ocrx_word' id='word_1_61' title='bbox 1166 645 1319 685; x_wconf 85' lang='lat' dir='ltr'>barbari</span> <span class='ocrx_word' id='word_1_62' title='bbox 1351 643 1656 695; x_wconf 84' lang='lat' dir='ltr'>magnitudinem</span> 
     </span>
     <span class='ocr_line' id='line_1_10' title="bbox 247 700 1658 752; baseline -0.004 -8"><span class='ocrx_word' id='word_1_63' title='bbox 247 706 384 752; x_wconf 90' lang='lat' dir='ltr'>animi,</span> <span class='ocrx_word' id='word_1_64' title='bbox 414 705 523 744; x_wconf 92' lang='lat' dir='ltr'>cuius</span> <span class='ocrx_word' id='word_1_65' title='bbox 539 704 725 743; x_wconf 88' lang='lat' dir='ltr'>miraculo</span> <span class='ocrx_word' id='word_1_66' title='bbox 742 703 913 742; x_wconf 90' lang='lat' dir='ltr'>nominis</span> <span class='ocrx_word' id='word_1_67' title='bbox 935 703 995 742; x_wconf 90' lang='lat' dir='ltr'>alii</span> <span class='ocrx_word' id='word_1_68' title='bbox 1017 702 1198 741; x_wconf 77' lang='lat' dir='ltr'>mortales</span> <span class='ocrx_word' id='word_1_69' title='bbox 1222 706 1433 752; x_wconf 82' lang='lat' dir='ltr'>stuperent,</span> <span class='ocrx_word' id='word_1_70' title='bbox 1454 700 1491 739; x_wconf 92' lang='lat' dir='ltr'>id</span> <span class='ocrx_word' id='word_1_71' title='bbox 1513 712 1559 738; x_wconf 83' lang='lat' dir='ltr'>ex</span> <span class='ocrx_word' id='word_1_72' title='bbox 1578 705 1658 739; x_wconf 87' lang='lat' dir='ltr'>tam</span> 
     </span>
    </p>

    <p class='ocr_par' dir='ltr' id='par_1_7' title="bbox 199 756 1659 868">
     <span class='ocr_line' id='line_1_11' title="bbox 199 756 1658 812; baseline -0.005 -11"><span class='ocrx_word' id='word_1_73' title='bbox 199 770 217 800; x_wconf 86' lang='lat'>7</span> <span class='ocrx_word' id='word_1_74' title='bbox 246 773 389 812; x_wconf 85' lang='lat' dir='ltr'>magno</span> <span class='ocrx_word' id='word_1_75' title='bbox 425 761 576 811; x_wconf 84' lang='lat' dir='ltr'>fastigio</span> <span class='ocrx_word' id='word_1_76' title='bbox 612 759 869 810; x_wconf 88' lang='lat' dir='ltr'>aspernantis.</span> <span class='ocrx_word' id='word_1_77' title='bbox 911 759 1014 798; x_wconf 85' lang='lat' dir='ltr'>dona</span> <span class='ocrx_word' id='word_1_78' title='bbox 1045 758 1135 797; x_wconf 91' lang='lat' dir='ltr'>inde</span> <span class='ocrx_word' id='word_1_79' title='bbox 1161 758 1301 809; x_wconf 87' lang='lat' dir='ltr'>regulis</span> <span class='ocrx_word' id='word_1_80' title='bbox 1337 756 1658 808; x_wconf 85' lang='lat' dir='ltr'>principibusque</span> 
     </span>
     <span class='ocr_line' id='line_1_12' title="bbox 246 812 1659 868; baseline -0.004 -12"><span class='ocrx_word' id='word_1_81' title='bbox 246 818 513 868; x_wconf 89' lang='lat' dir='ltr'>Hispanorum</span> <span class='ocrx_word' id='word_1_82' title='bbox 543 816 681 861; x_wconf 86' lang='lat' dir='ltr'>divisa,</span> <span class='ocrx_word' id='word_1_83' title='bbox 712 820 750 854; x_wconf 88' lang='lat' dir='ltr'>et</span> <span class='ocrx_word' id='word_1_84' title='bbox 776 828 822 853; x_wconf 88' lang='lat' dir='ltr'>ex</span> <span class='ocrx_word' id='word_1_85' title='bbox 845 827 984 865; x_wconf 88' lang='lat' dir='ltr'>magna</span> <span class='ocrx_word' id='word_1_86' title='bbox 1005 815 1118 866; x_wconf 88' lang='lat' dir='ltr'>copia</span> <span class='ocrx_word' id='word_1_87' title='bbox 1140 819 1342 865; x_wconf 87' lang='lat' dir='ltr'>captorum</span> <span class='ocrx_word' id='word_1_88' title='bbox 1364 812 1554 864; x_wconf 87' lang='lat' dir='ltr'>equorum</span> <span class='ocrx_word' id='word_1_89' title='bbox 1578 824 1659 859; x_wconf 83' lang='lat' dir='ltr'>ccc,</span> 
     </span>
    </p>

    <p class='ocr_par' dir='ltr' id='par_1_8' title="bbox 198 868 1658 980">
     <span class='ocr_line' id='line_1_13' title="bbox 198 868 1656 924; baseline -0.003 -13"><span class='ocrx_word' id='word_1_90' title='bbox 198 880 219 912; x_wconf 87' lang='grc'>8</span> <span class='ocrx_word' id='word_1_91' title='bbox 247 886 348 924; x_wconf 91' lang='lat' dir='ltr'>quos</span> <span class='ocrx_word' id='word_1_92' title='bbox 376 873 505 919; x_wconf 81' lang='lat' dir='ltr'>vellet,</span> <span class='ocrx_word' id='word_1_93' title='bbox 538 872 676 922; x_wconf 82' lang='lat' dir='ltr'>eligere</span> <span class='ocrx_word' id='word_1_94' title='bbox 695 871 901 910; x_wconf 88' lang='lat' dir='ltr'>Indibilem</span> <span class='ocrx_word' id='word_1_95' title='bbox 928 871 1052 909; x_wconf 91' lang='lat' dir='ltr'>iussit.</span> <span class='ocrx_word' id='word_1_96' title='bbox 1094 883 1182 909; x_wconf 86' lang='lat' dir='ltr'>cum</span> <span class='ocrx_word' id='word_1_97' title='bbox 1204 871 1317 909; x_wconf 83' lang='lat' dir='ltr'>Afros</span> <span class='ocrx_word' id='word_1_98' title='bbox 1342 870 1526 908; x_wconf 85' lang='lat' dir='ltr'>venderet</span> <span class='ocrx_word' id='word_1_99' title='bbox 1545 868 1656 907; x_wconf 87' lang='lat' dir='ltr'>iussu</span> 
     </span>
     <span class='ocr_line' id='line_1_14' title="bbox 246 924 1658 980; baseline -0.004 -12"><span class='ocrx_word' id='word_1_100' title='bbox 246 929 494 980; x_wconf 87' lang='lat' dir='ltr'>imperatoris</span> <span class='ocrx_word' id='word_1_101' title='bbox 524 933 722 979; x_wconf 85' lang='lat' dir='ltr'>quaestor,</span> <span class='ocrx_word' id='word_1_102' title='bbox 750 939 914 978; x_wconf 91' lang='lat' dir='ltr'>puerum</span> <span class='ocrx_word' id='word_1_103' title='bbox 947 927 1116 966; x_wconf 83' lang='lat' dir='ltr'>adultum</span> <span class='ocrx_word' id='word_1_104' title='bbox 1141 927 1240 965; x_wconf 89' lang='lat' dir='ltr'>inter</span> <span class='ocrx_word' id='word_1_105' title='bbox 1268 939 1335 965; x_wconf 88' lang='lat' dir='ltr'>eos</span> <span class='ocrx_word' id='word_1_106' title='bbox 1364 926 1491 964; x_wconf 86' lang='lat' dir='ltr'>forma</span> <span class='ocrx_word' id='word_1_107' title='bbox 1513 924 1658 974; x_wconf 84' lang='lat' dir='ltr'>insigni</span> 
     </span>
    </p>

    <p class='ocr_par' dir='ltr' id='par_1_9' title="bbox 199 982 1659 1259">
     <span class='ocr_line' id='line_1_15' title="bbox 199 982 1657 1035; baseline -0.004 -11"><span class='ocrx_word' id='word_1_108' title='bbox 199 993 220 1025; x_wconf 85' lang='lat'>9</span> <span class='ocrx_word' id='word_1_109' title='bbox 248 998 335 1024; x_wconf 86' lang='lat' dir='ltr'>cum</span> <span class='ocrx_word' id='word_1_110' title='bbox 357 986 528 1024; x_wconf 88' lang='lat' dir='ltr'>audisset</span> <span class='ocrx_word' id='word_1_111' title='bbox 544 985 637 1035; x_wconf 83' lang='lat' dir='ltr'>regii</span> <span class='ocrx_word' id='word_1_112' title='bbox 659 984 810 1034; x_wconf 84' lang='lat' dir='ltr'>generis</span> <span class='ocrx_word' id='word_1_113' title='bbox 833 996 935 1030; x_wconf 89' lang='lat' dir='ltr'>esse,</span> <span class='ocrx_word' id='word_1_114' title='bbox 964 984 1012 1022; x_wconf 92' lang='lat' dir='ltr'>ad</span> <span class='ocrx_word' id='word_1_115' title='bbox 1035 983 1255 1033; x_wconf 88' lang='lat' dir='ltr'>Scipionem</span> <span class='ocrx_word' id='word_1_116' title='bbox 1278 982 1395 1020; x_wconf 89' lang='lat' dir='ltr'>misit.</span> <span class='ocrx_word' id='word_1_117' title='bbox 1433 993 1546 1032; x_wconf 87' lang='lat' dir='ltr'>quem</span> <span class='ocrx_word' id='word_1_118' title='bbox 1570 993 1657 1019; x_wconf 87' lang='lat' dir='ltr'>cum</span> 
     </span>
     <span class='ocr_line' id='line_1_16' title="bbox 249 1037 1655 1092; baseline -0.004 -11"><span class='ocrx_word' id='word_1_119' title='bbox 249 1047 563 1092; x_wconf 84' lang='lat' dir='ltr'>percunctaretur</span> <span class='ocrx_word' id='word_1_120' title='bbox 586 1041 738 1091; x_wconf 83' lang='lat' dir='ltr'>Scipio,</span> <span class='ocrx_word' id='word_1_121' title='bbox 769 1043 854 1091; x_wconf 88' lang='lat' dir='ltr'>quis</span> <span class='ocrx_word' id='word_1_122' title='bbox 886 1045 923 1078; x_wconf 87' lang='lat' dir='ltr'>et</span> <span class='ocrx_word' id='word_1_123' title='bbox 946 1040 1050 1078; x_wconf 86' lang='lat' dir='ltr'>cuias</span> <span class='ocrx_word' id='word_1_124' title='bbox 1076 1045 1112 1077; x_wconf 91' lang='lat' dir='ltr'>et</span> <span class='ocrx_word' id='word_1_125' title='bbox 1143 1051 1211 1077; x_wconf 83' lang='lat' dir='ltr'>cur</span> <span class='ocrx_word' id='word_1_126' title='bbox 1242 1038 1279 1077; x_wconf 90' lang='lat' dir='ltr'>id</span> <span class='ocrx_word' id='word_1_127' title='bbox 1302 1037 1434 1077; x_wconf 91' lang='lat' dir='ltr'>aetatis</span> <span class='ocrx_word' id='word_1_128' title='bbox 1456 1037 1496 1075; x_wconf 92' lang='lat' dir='ltr'>in</span> <span class='ocrx_word' id='word_1_129' title='bbox 1519 1037 1655 1075; x_wconf 88' lang='lat' dir='ltr'>castris</span> 
     </span>
     <span class='ocr_line' id='line_1_17' title="bbox 246 1093 1659 1146; baseline -0.004 -9"><span class='ocrx_word' id='word_1_130' title='bbox 246 1098 399 1143; x_wconf 85' lang='lat' dir='ltr'>fuisset,</span> <span class='ocrx_word' id='word_1_131' title='bbox 423 1098 629 1136; x_wconf 90' lang='lat' dir='ltr'>Numidam</span> <span class='ocrx_word' id='word_1_132' title='bbox 654 1110 739 1135; x_wconf 89' lang='lat' dir='ltr'>esse</span> <span class='ocrx_word' id='word_1_133' title='bbox 760 1098 823 1142; x_wconf 88' lang='lat' dir='ltr'>ait,</span> <span class='ocrx_word' id='word_1_134' title='bbox 846 1096 1050 1135; x_wconf 89' lang='lat' dir='ltr'>Massivam</span> <span class='ocrx_word' id='word_1_135' title='bbox 1071 1095 1281 1146; x_wconf 87' lang='lat' dir='ltr'>populares</span> <span class='ocrx_word' id='word_1_136' title='bbox 1299 1106 1454 1141; x_wconf 67' lang='lat' dir='ltr'>vocare,</span> <span class='ocrx_word' id='word_1_137' title='bbox 1477 1093 1617 1131; x_wconf 90' lang='lat' dir='ltr'>orbum</span> <span class='ocrx_word' id='word_1_138' title='bbox 1639 1105 1659 1132; x_wconf 89' lang='lat' dir='ltr'>a</span> 
     </span>
     <span class='ocr_line' id='line_1_18' title="bbox 246 1149 1656 1205; baseline -0.004 -12"><span class='ocrx_word' id='word_1_139' title='bbox 246 1159 356 1205; x_wconf 86' lang='lat' dir='ltr'>patre</span> <span class='ocrx_word' id='word_1_140' title='bbox 377 1154 567 1199; x_wconf 85' lang='lat' dir='ltr'>relictum,</span> <span class='ocrx_word' id='word_1_141' title='bbox 590 1154 692 1204; x_wconf 88' lang='lat' dir='ltr'>apud</span> <span class='ocrx_word' id='word_1_142' title='bbox 709 1159 928 1191; x_wconf 84' lang='lat' dir='ltr'>maternum</span> <span class='ocrx_word' id='word_1_143' title='bbox 946 1164 1057 1191; x_wconf 87' lang='lat' dir='ltr'>avum</span> <span class='ocrx_word' id='word_1_144' title='bbox 1076 1152 1222 1198; x_wconf 81' lang='lat' dir='ltr'>Galam,</span> <span class='ocrx_word' id='word_1_145' title='bbox 1243 1163 1372 1202; x_wconf 87' lang='lat' dir='ltr'>regem</span> <span class='ocrx_word' id='word_1_146' title='bbox 1389 1149 1656 1195; x_wconf 79' lang='lat' dir='ltr'>Numidarum,</span> 
     </span>
     <span class='ocr_line' id='line_1_19' title="bbox 248 1205 1659 1259; baseline -0.002 -12"><span class='ocrx_word' id='word_1_147' title='bbox 248 1211 440 1255; x_wconf 89' lang='lat' dir='ltr'>eductum,</span> <span class='ocrx_word' id='word_1_148' title='bbox 463 1222 550 1248; x_wconf 85' lang='lat' dir='ltr'>cum</span> <span class='ocrx_word' id='word_1_149' title='bbox 573 1210 761 1248; x_wconf 82' lang='lat' dir='ltr'>avunculo</span> <span class='ocrx_word' id='word_1_150' title='bbox 784 1209 1000 1256; x_wconf 86' lang='lat' dir='ltr'>Masinissa,</span> <span class='ocrx_word' id='word_1_151' title='bbox 1022 1209 1087 1259; x_wconf 89' lang='lat' dir='ltr'>qui</span> <span class='ocrx_word' id='word_1_152' title='bbox 1108 1220 1231 1259; x_wconf 90' lang='lat' dir='ltr'>nuper</span> <span class='ocrx_word' id='word_1_153' title='bbox 1261 1220 1347 1246; x_wconf 87' lang='lat' dir='ltr'>cum</span> <span class='ocrx_word' id='word_1_154' title='bbox 1370 1207 1540 1257; x_wconf 87' lang='lat' dir='ltr'>equitatu</span> <span class='ocrx_word' id='word_1_155' title='bbox 1560 1205 1659 1244; x_wconf 92' lang='lat' dir='ltr'>sub-</span> 
     </span>
    </p>

    <p class='ocr_par' dir='ltr' id='par_1_10' title="bbox 178 1263 1660 1485">
     <span class='ocr_line' id='line_1_20' title="bbox 178 1263 1657 1316; baseline -0.001 -14"><span class='ocrx_word' id='word_1_156' title='bbox 178 1269 218 1302; x_wconf 88' lang='lat'>10</span> <span class='ocrx_word' id='word_1_157' title='bbox 249 1266 347 1305; x_wconf 88' lang='lat' dir='ltr'>sidio</span> <span class='ocrx_word' id='word_1_158' title='bbox 377 1265 755 1316; x_wconf 87' lang='lat' dir='ltr'>Carthaginiensibus</span> <span class='ocrx_word' id='word_1_159' title='bbox 784 1266 971 1311; x_wconf 83' lang='lat' dir='ltr'>venisset,</span> <span class='ocrx_word' id='word_1_160' title='bbox 1000 1265 1039 1303; x_wconf 93' lang='lat' dir='ltr'>in</span> <span class='ocrx_word' id='word_1_161' title='bbox 1061 1264 1286 1315; x_wconf 84' lang='lat' dir='ltr'>Hispaniam</span> <span class='ocrx_word' id='word_1_162' title='bbox 1309 1263 1519 1302; x_wconf 88' lang='lat' dir='ltr'>traiecisse.</span> <span class='ocrx_word' id='word_1_163' title='bbox 1561 1274 1657 1313; x_wconf 88' lang='lat' dir='ltr'>pro—</span> 
     </span>
     <span class='ocr_line' id='line_1_21' title="bbox 247 1318 1659 1373; baseline -0.003 -13"><span class='ocrx_word' id='word_1_164' title='bbox 247 1322 413 1361; x_wconf 89' lang='lat' dir='ltr'>hibitum</span> <span class='ocrx_word' id='word_1_165' title='bbox 447 1327 610 1373; x_wconf 82' lang='lat' dir='ltr'>propter</span> <span class='ocrx_word' id='word_1_166' title='bbox 643 1327 803 1360; x_wconf 85' lang='lat' dir='ltr'>aetatem</span> <span class='ocrx_word' id='word_1_167' title='bbox 833 1334 852 1359; x_wconf 88' lang='lat' dir='ltr'>a</span> <span class='ocrx_word' id='word_1_168' title='bbox 880 1321 1083 1360; x_wconf 84' lang='lat' dir='ltr'>Masinissa</span> <span class='ocrx_word' id='word_1_169' title='bbox 1110 1333 1323 1370; x_wconf 88' lang='lat' dir='ltr'>numquam</span> <span class='ocrx_word' id='word_1_170' title='bbox 1353 1325 1441 1358; x_wconf 88' lang='lat' dir='ltr'>ante</span> <span class='ocrx_word' id='word_1_171' title='bbox 1469 1318 1659 1370; x_wconf 89' lang='lat' dir='ltr'>proelium</span> 
     </span>
     <span class='ocr_line' id='line_1_22' title="bbox 249 1374 1660 1428; baseline -0.004 -11"><span class='ocrx_word' id='word_1_172' title='bbox 249 1379 387 1426; x_wconf 69' lang='lat' dir='ltr'>inisse,</span> <span class='ocrx_word' id='word_1_173' title='bbox 409 1391 454 1416; x_wconf 88' lang='lat' dir='ltr'>eo</span> <span class='ocrx_word' id='word_1_174' title='bbox 474 1378 547 1424; x_wconf 89' lang='lat' dir='ltr'>die,</span> <span class='ocrx_word' id='word_1_175' title='bbox 566 1390 641 1428; x_wconf 89' lang='lat' dir='ltr'>quo</span> <span class='ocrx_word' id='word_1_176' title='bbox 659 1383 872 1428; x_wconf 81' lang='lat' dir='ltr'>pugnatum</span> <span class='ocrx_word' id='word_1_177' title='bbox 887 1390 974 1416; x_wconf 83' lang='lat' dir='ltr'>cum</span> <span class='ocrx_word' id='word_1_178' title='bbox 987 1376 1173 1416; x_wconf 88' lang='lat' dir='ltr'>Romanis</span> <span class='ocrx_word' id='word_1_179' title='bbox 1186 1381 1301 1419; x_wconf 90' lang='lat' dir='ltr'>esset,</span> <span class='ocrx_word' id='word_1_180' title='bbox 1320 1376 1441 1414; x_wconf 91' lang='lat' dir='ltr'>inscio</span> <span class='ocrx_word' id='word_1_181' title='bbox 1457 1374 1660 1420; x_wconf 82' lang='lat' dir='ltr'>avunculo,</span> 
     </span>
     <span class='ocr_line' id='line_1_23' title="bbox 248 1432 1655 1485; baseline -0.004 -12"><span class='ocrx_word' id='word_1_182' title='bbox 248 1435 346 1473; x_wconf 87' lang='lat' dir='ltr'>clam</span> <span class='ocrx_word' id='word_1_183' title='bbox 370 1435 487 1473; x_wconf 91' lang='lat' dir='ltr'>armis</span> <span class='ocrx_word' id='word_1_184' title='bbox 518 1446 696 1485; x_wconf 88' lang='lat' dir='ltr'>equoque</span> <span class='ocrx_word' id='word_1_185' title='bbox 724 1438 882 1484; x_wconf 90' lang='lat' dir='ltr'>sumpto</span> <span class='ocrx_word' id='word_1_186' title='bbox 905 1434 944 1472; x_wconf 91' lang='lat' dir='ltr'>in</span> <span class='ocrx_word' id='word_1_187' title='bbox 966 1434 1084 1472; x_wconf 83' lang='lat' dir='ltr'>aciem</span> <span class='ocrx_word' id='word_1_188' title='bbox 1107 1433 1249 1479; x_wconf 71' lang='lat' dir='ltr'>exisse,</span> <span class='ocrx_word' id='word_1_189' title='bbox 1278 1432 1328 1470; x_wconf 86' lang='lat' dir='ltr'>ibi</span> <span class='ocrx_word' id='word_1_190' title='bbox 1349 1432 1533 1482; x_wconf 87' lang='lat' dir='ltr'>prolapso</span> <span class='ocrx_word' id='word_1_191' title='bbox 1556 1443 1655 1481; x_wconf 88' lang='lat' dir='ltr'>equo</span> 
     </span>
    </p>

    <p class='ocr_par' dir='ltr' id='par_1_11' title="bbox 176 1487 1658 1596">
     <span class='ocr_line' id='line_1_24' title="bbox 176 1487 1658 1541; baseline -0.004 -10"><span class='ocrx_word' id='word_1_192' title='bbox 176 1497 216 1533; x_wconf 84' lang='grc'>11</span> <span class='ocrx_word' id='word_1_193' title='bbox 249 1492 413 1529; x_wconf 79' lang='lat' dir='ltr'>effusum</span> <span class='ocrx_word' id='word_1_194' title='bbox 443 1491 482 1529; x_wconf 93' lang='lat' dir='ltr'>in</span> <span class='ocrx_word' id='word_1_195' title='bbox 511 1503 697 1541; x_wconf 85' lang='lat' dir='ltr'>praeceps</span> <span class='ocrx_word' id='word_1_196' title='bbox 727 1495 882 1540; x_wconf 87' lang='lat' dir='ltr'>captum</span> <span class='ocrx_word' id='word_1_197' title='bbox 905 1490 952 1528; x_wconf 94' lang='lat' dir='ltr'>ab</span> <span class='ocrx_word' id='word_1_198' title='bbox 976 1490 1162 1528; x_wconf 86' lang='lat' dir='ltr'>Romanis</span> <span class='ocrx_word' id='word_1_199' title='bbox 1185 1501 1282 1526; x_wconf 88' lang='lat' dir='ltr'>esse.</span> <span class='ocrx_word' id='word_1_200' title='bbox 1325 1488 1456 1538; x_wconf 86' lang='lat' dir='ltr'>Scipio</span> <span class='ocrx_word' id='word_1_201' title='bbox 1479 1500 1567 1525; x_wconf 87' lang='lat' dir='ltr'>cum</span> <span class='ocrx_word' id='word_1_202' title='bbox 1589 1487 1658 1526; x_wconf 89' lang='lat' dir='ltr'>ad-</span> 
     </span>
     <span class='ocr_line' id='line_1_25' title="bbox 249 1544 1658 1596; baseline -0.001 -12.999"><span class='ocrx_word' id='word_1_203' title='bbox 249 1547 395 1585; x_wconf 82' lang='lat' dir='ltr'>servari</span> <span class='ocrx_word' id='word_1_204' title='bbox 417 1546 623 1585; x_wconf 85' lang='lat' dir='ltr'>Numidam</span> <span class='ocrx_word' id='word_1_205' title='bbox 645 1547 837 1593; x_wconf 87' lang='lat' dir='ltr'>iussisset,</span> <span class='ocrx_word' id='word_1_206' title='bbox 859 1559 954 1596; x_wconf 86' lang='lat' dir='ltr'>quae</span> <span class='ocrx_word' id='word_1_207' title='bbox 976 1558 1047 1596; x_wconf 87' lang='lat' dir='ltr'>pro</span> <span class='ocrx_word' id='word_1_208' title='bbox 1065 1544 1245 1583; x_wconf 87' lang='lat' dir='ltr'>tribunali</span> <span class='ocrx_word' id='word_1_209' title='bbox 1263 1545 1409 1594; x_wconf 88' lang='lat' dir='ltr'>agenda</span> <span class='ocrx_word' id='word_1_210' title='bbox 1427 1549 1546 1590; x_wconf 86' lang='lat' dir='ltr'>erant,</span> <span class='ocrx_word' id='word_1_211' title='bbox 1568 1555 1658 1594; x_wconf 90' lang='lat' dir='ltr'>per—</span> 
     </span>
    </p>
   </div>
   <div class='ocr_carea' id='block_1_5' title="bbox 245 1645 920 2718">
    <p class='ocr_par' dir='ltr' id='par_1_12' title="bbox 245 1645 919 2718">
     <span class='ocr_line' id='line_1_26' title="bbox 248 1645 918 1700; baseline -0.001 -23"><span class='ocrx_word' id='word_1_212' title='bbox 248 1647 315 1700; x_wconf 71' lang='lat' dir='ltr'>tyb.</span> <span class='ocrx_word' id='word_1_213' title='bbox 333 1657 360 1678; x_wconf 84' lang='lat' dir='ltr'>c.</span> <span class='ocrx_word' id='word_1_214' title='bbox 380 1647 433 1678; x_wconf 79' lang='lat'>40.</span> <span class='ocrx_word' id='word_1_215' title='bbox 451 1658 646 1687; x_wconf 73' lang='lat' dir='ltr'>—-7·eg,em</span> <span class='ocrx_word' id='word_1_216' title='bbox 671 1646 754 1677; x_wconf 90' lang='lat' dir='ltr'>Zon.</span> <span class='ocrx_word' id='word_1_217' title='bbox 774 1646 804 1687; x_wconf 98' lang='lat'>9,</span> <span class='ocrx_word' id='word_1_218' title='bbox 823 1648 859 1677; x_wconf 63' lang='lat' dir='ltr'>S:</span> <span class='ocrx_word' id='word_1_219' title='bbox 880 1645 918 1676; x_wconf 83' lang='grc' dir='ltr'>οἱ</span> 
     </span>
     <span class='ocr_line' id='line_1_27' title="bbox 247 1686 918 1735; baseline -0.003 -12"><span class='ocrx_word' id='word_1_220' title='bbox 247 1688 284 1723; x_wconf 71' lang='grc' dir='ltr'>δ’</span> <span class='ocrx_word' id='word_1_221' title='bbox 297 1689 434 1735; x_wconf 73' lang='grc' dir='ltr'><em>Ἴβηρες</em></span> <span class='ocrx_word' id='word_1_222' title='bbox 449 1692 510 1722; x_wconf 76' lang='grc' dir='ltr'>καὶ</span> <span class='ocrx_word' id='word_1_223' title='bbox 527 1692 680 1733; x_wconf 76' lang='grc' dir='ltr'><em>βασιλέα</em></span> <span class='ocrx_word' id='word_1_224' title='bbox 693 1703 718 1734; x_wconf 79' lang='grc' dir='ltr'><em>μ</em></span> <span class='ocrx_word' id='word_1_225' title='bbox 727 1691 767 1733; x_wconf 63' lang='grc' dir='ltr'>ε’)</span> <span class='ocrx_word' id='word_1_226' title='bbox 770 1701 814 1723; x_wconf 73' lang='grc' dir='ltr'>αν</span> <span class='ocrx_word' id='word_1_227' title='bbox 828 1687 877 1722; x_wconf 80' lang='grc' dir='ltr'>ὠι</span> <span class='ocrx_word' id='word_1_228' title='bbox 881 1686 918 1721; x_wconf 88' lang='grc' dir='ltr'>ό-</span> 
     </span>
     <span class='ocr_line' id='line_1_28' title="bbox 245 1735 915 1780; baseline -0.002 -13"><span class='ocrx_word' id='word_1_229' title='bbox 245 1737 374 1780; x_wconf 61' lang='grc' dir='ltr'>μαζοὶ.</span> <span class='ocrx_word' id='word_1_230' title='bbox 391 1738 606 1779; x_wconf 69' lang='grc' dir='ltr'>-ιιηρθιαί,</span> <span class='ocrx_word' id='word_1_231' title='bbox 626 1755 668 1759; x_wconf 85' lang='lat'><strong>—</strong></span> <span class='ocrx_word' id='word_1_232' title='bbox 686 1747 766 1778; x_wconf 81' lang='lat' dir='ltr'>qao,</span> <span class='ocrx_word' id='word_1_233' title='bbox 792 1746 817 1767; x_wconf 97' lang='grc'>3.</span> <span class='ocrx_word' id='word_1_234' title='bbox 837 1735 915 1766; x_wconf 90' lang='lat' dir='ltr'>Tae.</span> 
     </span>
     <span class='ocr_line' id='line_1_29' title="bbox 246 1782 916 1823; baseline -0.001 -11"><span class='ocrx_word' id='word_1_235' title='bbox 246 1782 330 1812; x_wconf 87' lang='lat' dir='ltr'>Anu.</span> <span class='ocrx_word' id='word_1_236' title='bbox 350 1782 379 1822; x_wconf 85' lang='lat'>3,</span> <span class='ocrx_word' id='word_1_237' title='bbox 397 1782 454 1812; x_wconf 80' lang='lat'>74:</span> <span class='ocrx_word' id='word_1_238' title='bbox 473 1782 593 1813; x_wconf 79' lang='lat' dir='ltr'>Blaeso</span> <span class='ocrx_word' id='word_1_239' title='bbox 611 1783 740 1818; x_wconf 68' lang='lat' dir='ltr'>imbuit,</span> <span class='ocrx_word' id='word_1_240' title='bbox 757 1784 795 1812; x_wconf 71' lang='grc' dir='ltr'>ιιέ</span> <span class='ocrx_word' id='word_1_241' title='bbox 810 1791 916 1823; x_wconf 74' lang='lat' dir='ltr'>tmpe-</span> 
     </span>
     <span class='ocr_line' id='line_1_30' title="bbox 247 1826 917 1868; baseline -0.001 -11"><span class='ocrx_word' id='word_1_242' title='bbox 247 1829 343 1858; x_wconf 74' lang='lat' dir='ltr'>rator</span> <span class='ocrx_word' id='word_1_243' title='bbox 351 1837 371 1857; x_wconf 85' lang='lat' dir='ltr'>a</span> <span class='ocrx_word' id='word_1_244' title='bbox 379 1826 568 1868; x_wconf 70' lang='lat' dir='ltr'>legionibus</span> <span class='ocrx_word' id='word_1_245' title='bbox 577 1826 794 1865; x_wconf 70' lang='lat' dir='ltr'>salutaretur,</span> <span class='ocrx_word' id='word_1_246' title='bbox 804 1827 917 1868; x_wconf 71' lang='lat' dir='ltr'>prisco</span> 
     </span>
     <span class='ocr_line' id='line_1_31' title="bbox 247 1871 918 1912; baseline 0 -11"><span class='ocrx_word' id='word_1_247' title='bbox 247 1882 333 1912; x_wconf 68' lang='lat' dir='ltr'>erga</span> <span class='ocrx_word' id='word_1_248' title='bbox 352 1871 453 1903; x_wconf 78' lang='lat' dir='ltr'>daces</span> <span class='ocrx_word' id='word_1_249' title='bbox 477 1872 617 1911; x_wconf 73' lang='lat' dir='ltr'>bonore,</span> <span class='ocrx_word' id='word_1_250' title='bbox 644 1874 701 1912; x_wconf 75' lang='lat' dir='ltr'>qul</span> <span class='ocrx_word' id='word_1_251' title='bbox 722 1874 802 1902; x_wconf 72' lang='lat' dir='ltr'>bene</span> <span class='ocrx_word' id='word_1_252' title='bbox 816 1873 918 1912; x_wconf 78' lang='lat' dir='ltr'>gesta</span> 
     </span>
     <span class='ocr_line' id='line_1_32' title="bbox 247 1917 917 1959; baseline -0.001 -12"><span class='ocrx_word' id='word_1_253' title='bbox 247 1917 418 1959; x_wconf 74' lang='lat' dir='ltr'>republica</span> <span class='ocrx_word' id='word_1_254' title='bbox 439 1917 568 1958; x_wconf 70' lang='lat' dir='ltr'>gaudio</span> <span class='ocrx_word' id='word_1_255' title='bbox 587 1919 619 1947; x_wconf 78' lang='lat' dir='ltr'>et</span> <span class='ocrx_word' id='word_1_256' title='bbox 635 1919 762 1959; x_wconf 70' lang='lat' dir='ltr'>impetn</span> <span class='ocrx_word' id='word_1_257' title='bbox 781 1917 917 1947; x_wconf 72' lang='lat' dir='ltr'>victoris</span> 
     </span>
     <span class='ocr_line' id='line_1_33' title="bbox 248 1962 918 1993; baseline 0.001 -2"><span class='ocrx_word' id='word_1_258' title='bbox 248 1964 421 1993; x_wconf 63' lang='lat' dir='ltr'>exercitus</span> <span class='ocrx_word' id='word_1_259' title='bbox 439 1962 747 1992; x_wconf 71' lang='lat' dir='ltr'>conclamabantur.</span> <span class='ocrx_word' id='word_1_260' title='bbox 765 1978 809 1983; x_wconf 85' lang='lat'>—</span> <span class='ocrx_word' id='word_1_261' title='bbox 826 1962 918 1992; x_wconf 76' lang='lat' dir='ltr'>into-</span> 
     </span>
     <span class='ocr_line' id='line_1_34' title="bbox 247 2006 919 2047; baseline -0.001 -10"><span class='ocrx_word' id='word_1_262' title='bbox 247 2006 396 2044; x_wconf 72' lang='lat' dir='ltr'>lerabile,</span> <span class='ocrx_word' id='word_1_263' title='bbox 421 2017 447 2037; x_wconf 92' lang='grc'>3</span> <span class='ocrx_word' id='word_1_264' title='bbox 467 2006 502 2047; x_wconf 82' lang='grc'>2,</span> <span class='ocrx_word' id='word_1_265' title='bbox 529 2006 554 2047; x_wconf 89' lang='grc'><strong>1,</strong></span> <span class='ocrx_word' id='word_1_266' title='bbox 581 2007 612 2038; x_wconf 89' lang='lat'>9.</span> <span class='ocrx_word' id='word_1_267' title='bbox 631 2008 841 2046; x_wconf 75' lang='lat' dir='ltr'>—7·e1›·{&#39;am:</span> <span class='ocrx_word' id='word_1_268' title='bbox 861 2006 919 2036; x_wconf 88' lang='lat' dir='ltr'>der</span> 
     </span>
     <span class='ocr_line' id='line_1_35' title="bbox 247 2049 917 2091; baseline -0.002 -10"><span class='ocrx_word' id='word_1_269' title='bbox 247 2049 485 2091; x_wconf 70' lang='lat' dir='ltr'>Hdnigsname,</span> <span class='ocrx_word' id='word_1_270' title='bbox 512 2052 570 2080; x_wconf 84' lang='lat' dir='ltr'>der</span> <span class='ocrx_word' id='word_1_271' title='bbox 594 2051 699 2081; x_wconf 81' lang='lat' dir='ltr'>einein</span> <span class='ocrx_word' id='word_1_272' title='bbox 717 2049 841 2089; x_wconf 74' lang='lat' dir='ltr'>Hiinige</span> <span class='ocrx_word' id='word_1_273' title='bbox 859 2060 917 2080; x_wconf 90' lang='lat' dir='ltr'>an-</span> 
     </span>
     <span class='ocr_line' id='line_1_36' title="bbox 248 2093 919 2144; baseline -0.002 -19"><span class='ocrx_word' id='word_1_274' title='bbox 248 2095 387 2135; x_wconf 68' lang='lat' dir='ltr'>gehijte,</span> <span class='ocrx_word' id='word_1_275' title='bbox 412 2095 441 2126; x_wconf 88' lang='lat' dir='ltr'>d.</span> <span class='ocrx_word' id='word_1_276' title='bbox 457 2095 487 2125; x_wconf 84' lang='lat' dir='ltr'>h.</span> <span class='ocrx_word' id='word_1_277' title='bbox 506 2095 563 2124; x_wconf 82' lang='lat' dir='ltr'>das</span> <span class='ocrx_word' id='word_1_278' title='bbox 581 2093 788 2144; x_wconf 58' lang='lat' dir='ltr'>Ho’nigthum3</span> <span class='ocrx_word' id='word_1_279' title='bbox 818 2104 919 2134; x_wconf 67' lang='lat' dir='ltr'>yega-</span> 
     </span>
     <span class='ocr_line' id='line_1_37' title="bbox 248 2138 917 2178; baseline -0.003 -8"><span class='ocrx_word' id='word_1_280' title='bbox 248 2140 326 2170; x_wconf 52' lang='lat' dir='ltr'>lemn</span> <span class='ocrx_word' id='word_1_281' title='bbox 354 2140 424 2170; x_wconf 87' lang='lat' dir='ltr'>eine</span> <span class='ocrx_word' id='word_1_282' title='bbox 445 2138 650 2178; x_wconf 79' lang='lat' dir='ltr'>Gesinnung,</span> <span class='ocrx_word' id='word_1_283' title='bbox 673 2139 734 2169; x_wconf 62' lang='lat' dir='ltr'>uie</span> <span class='ocrx_word' id='word_1_284' title='bbox 759 2139 808 2169; x_wconf 82' lang='lat' dir='ltr'>sie</span> <span class='ocrx_word' id='word_1_285' title='bbox 827 2139 917 2168; x_wconf 80' lang='lat' dir='ltr'>eines</span> 
     </span>
     <span class='ocr_line' id='line_1_38' title="bbox 248 2183 918 2223; baseline -0.001 -9"><span class='ocrx_word' id='word_1_286' title='bbox 248 2183 376 2223; x_wconf 74' lang='lat' dir='ltr'>li611igs</span> <span class='ocrx_word' id='word_1_287' title='bbox 395 2184 523 2223; x_wconf 69' lang='lat' dir='ltr'>wiizdig</span> <span class='ocrx_word' id='word_1_288' title='bbox 540 2184 604 2221; x_wconf 83' lang='lat' dir='ltr'>sei,</span> <span class='ocrx_word' id='word_1_289' title='bbox 628 2185 775 2223; x_wconf 76' lang='lat' dir='ltr'>dage-gen</span> <span class='ocrx_word' id='word_1_290' title='bbox 794 2183 858 2213; x_wconf 80' lang='lat' dir='ltr'>Cic.</span> <span class='ocrx_word' id='word_1_291' title='bbox 879 2184 918 2213; x_wconf 83' lang='lat' dir='ltr'>de</span> 
     </span>
     <span class='ocr_line' id='line_1_39' title="bbox 248 2227 917 2270; baseline -0.003 -10"><span class='ocrx_word' id='word_1_292' title='bbox 248 2230 323 2270; x_wconf 85' lang='lat' dir='ltr'>imp.</span> <span class='ocrx_word' id='word_1_293' title='bbox 348 2229 457 2270; x_wconf 88' lang='lat' dir='ltr'>Pomp.</span> <span class='ocrx_word' id='word_1_294' title='bbox 489 2229 524 2267; x_wconf 80' lang='lat'>9,</span> <span class='ocrx_word' id='word_1_295' title='bbox 558 2228 614 2259; x_wconf 89' lang='lat'>24:</span> <span class='ocrx_word' id='word_1_296' title='bbox 644 2239 764 2259; x_wconf 68' lang='lat' dir='ltr'>nornen</span> <span class='ocrx_word' id='word_1_297' title='bbox 794 2227 917 2268; x_wconf 43' lang='lat' dir='ltr'>regale.</span> 
     </span>
     <span class='ocr_line' id='line_1_40' title="bbox 250 2273 919 2314; baseline -0.003 -9"><span class='ocrx_word' id='word_1_298' title='bbox 250 2274 318 2305; x_wconf 85' lang='lat' dir='ltr'>Der</span> <span class='ocrx_word' id='word_1_299' title='bbox 347 2274 426 2304; x_wconf 86' lang='lat' dir='ltr'>Satz</span> <span class='ocrx_word' id='word_1_300' title='bbox 456 2274 500 2304; x_wconf 79' lang='lat' dir='ltr'>ist</span> <span class='ocrx_word' id='word_1_301' title='bbox 529 2274 746 2312; x_wconf 78' lang='lat' dir='ltr'>Aeusserung</span> <span class='ocrx_word' id='word_1_302' title='bbox 777 2273 919 2314; x_wconf 85' lang='lat' dir='ltr'>Scipios,</span> 
     </span>
     <span class='ocr_line' id='line_1_41' title="bbox 250 2319 919 2359; baseline -0.003 -10"><span class='ocrx_word' id='word_1_303' title='bbox 250 2319 339 2350; x_wconf 88' lang='lat' dir='ltr'>nicht</span> <span class='ocrx_word' id='word_1_304' title='bbox 357 2330 419 2349; x_wconf 87' lang='lat' dir='ltr'>von</span> <span class='ocrx_word' id='word_1_305' title='bbox 437 2319 629 2350; x_wconf 73' lang='lat' dir='ltr'>iudicarent</span> <span class='ocrx_word' id='word_1_306' title='bbox 644 2319 821 2359; x_wconf 71' lang='lat' dir='ltr'>abhiingig,</span> <span class='ocrx_word' id='word_1_307' title='bbox 840 2328 919 2348; x_wconf 84' lang='lat' dir='ltr'>son-</span> 
     </span>
     <span class='ocr_line' id='line_1_42' title="bbox 251 2362 918 2401; baseline -0.002 -7"><span class='ocrx_word' id='word_1_308' title='bbox 251 2365 331 2395; x_wconf 84' lang='lat' dir='ltr'>dern</span> <span class='ocrx_word' id='word_1_309' title='bbox 363 2364 463 2394; x_wconf 73' lang='lat' dir='ltr'>dulch</span> <span class='ocrx_word' id='word_1_310' title='bbox 494 2364 529 2395; x_wconf 68' lang='lat' dir='ltr'>ecl</span> <span class='ocrx_word' id='word_1_311' title='bbox 556 2362 676 2394; x_wconf 77' lang='lat' dir='ltr'>daraul</span> <span class='ocrx_word' id='word_1_312' title='bbox 702 2363 865 2401; x_wconf 59' lang='lat' dir='ltr'>bczogen,</span> <span class='ocrx_word' id='word_1_313' title='bbox 891 2373 918 2393; x_wconf 88' lang='lat' dir='ltr'>s.</span> 
     </span>
     <span class='ocr_line' id='line_1_43' title="bbox 250 2405 918 2458; baseline -0.004 -19"><span class='ocrx_word' id='word_1_314' title='bbox 250 2409 365 2439; x_wconf 68' lang='lat' dir='ltr'>Polxb.</span> <span class='ocrx_word' id='word_1_315' title='bbox 395 2405 723 2449; x_wconf 68' lang='grc' dir='ltr'>ο.11);3ασιλικός</span> <span class='ocrx_word' id='word_1_316' title='bbox 750 2407 823 2458; x_wconf 72' lang='grc' dir='ltr'>μὲι</span> <span class='ocrx_word' id='word_1_317' title='bbox 847 2406 918 2450; x_wconf 73' lang='grc' dir='ltr'>ὲᾳη</span> 
     </span>
     <span class='ocr_line' id='line_1_44' title="bbox 248 2451 919 2495; baseline -0.002 -11"><span class='ocrx_word' id='word_1_318' title='bbox 248 2451 448 2494; x_wconf 65' lang='grc' dir='ltr'><em>βούλεσθαι</em></span> <span class='ocrx_word' id='word_1_319' title='bbox 465 2454 521 2484; x_wconf 81' lang='grc' dir='ltr'>καὶ</span> <span class='ocrx_word' id='word_1_320' title='bbox 539 2454 601 2495; x_wconf 64' lang='grc' dir='ltr'>λ’)ἐ</span> <span class='ocrx_word' id='word_1_321' title='bbox 594 2463 655 2485; x_wconf 72' lang='grc' dir='ltr'>εσ</span> <span class='ocrx_word' id='word_1_322' title='bbox 654 2457 710 2484; x_wconf 63' lang='lat' dir='ltr'>‘lm</span> <span class='ocrx_word' id='word_1_323' title='bbox 728 2464 830 2494; x_wconf 75' lang='lat' dir='ltr'>nance</span> <span class='ocrx_word' id='word_1_324' title='bbox 846 2464 919 2483; x_wconf 80' lang='grc' dir='ltr'>πα-</span> 
     </span>
     <span class='ocr_line' id='line_1_45' title="bbox 252 2495 918 2540; baseline 0 -11"><span class='ocrx_word' id='word_1_325' title='bbox 252 2507 286 2528; x_wconf 72' lang='grc' dir='ltr'>ΟἼ</span> <span class='ocrx_word' id='word_1_326' title='bbox 312 2510 368 2529; x_wconf 78' lang='grc' dir='ltr'>7(ίὶ</span> <span class='ocrx_word' id='word_1_327' title='bbox 402 2510 481 2532; x_wconf 63' lang='lat' dir='ltr'>Tsllss&#39;</span> <span class='ocrx_word' id='word_1_328' title='bbox 512 2495 590 2539; x_wconf 70' lang='grc' dir='ltr'>(ίληι</span> <span class='ocrx_word' id='word_1_329' title='bbox 589 2501 704 2533; x_wconf 55' lang='lat' dir='ltr'>fflsslg</span> <span class='ocrx_word' id='word_1_330' title='bbox 727 2507 918 2540; x_wconf 64' lang='grc' dir='ltr'>ἱ)ΤΙ[(()χξΙῙ’,</span> 
     </span>
     <span class='ocr_line' id='line_1_46' title="bbox 249 2539 920 2593; baseline 0.002 -20"><span class='ocrx_word' id='word_1_331' title='bbox 249 2541 399 2593; x_wconf 56' lang='grc' dir='ltr'>βασιλεῖ</span> <span class='ocrx_word' id='word_1_332' title='bbox 405 2554 455 2585; x_wconf 65' lang='lat' dir='ltr'>g)</span> <span class='ocrx_word' id='word_1_333' title='bbox 459 2554 471 2573; x_wconf 76' lang='grc' dir='ltr'><em>ε</em></span> <span class='ocrx_word' id='word_1_334' title='bbox 486 2541 561 2586; x_wconf 68' lang='grc' dir='ltr'>μὴ]</span> <span class='ocrx_word' id='word_1_335' title='bbox 575 2539 656 2574; x_wconf 64' lang='grc' dir='ltr'>οὔτε</span> <span class='ocrx_word' id='word_1_336' title='bbox 672 2543 762 2575; x_wconf 78' lang='grc' dir='ltr'>εῖίαι</span> <span class='ocrx_word' id='word_1_337' title='bbox 779 2541 805 2574; x_wconf 72' lang='grc' dir='ltr'><em>ἐ</em></span> <span class='ocrx_word' id='word_1_338' title='bbox 804 2543 920 2574; x_wconf 57' lang='lat' dir='ltr'>lelwi</span> 
     </span>
     <span class='ocr_line' id='line_1_47' title="bbox 252 2583 917 2629; baseline 0.002 -13"><span class='ocrx_word' id='word_1_339' title='bbox 252 2583 332 2619; x_wconf 51' lang='lat' dir='ltr'>(ise</span> <span class='ocrx_word' id='word_1_340' title='bbox 361 2589 410 2629; x_wconf 67' lang='grc' dir='ltr'>λε’)</span> <span class='ocrx_word' id='word_1_341' title='bbox 404 2591 534 2619; x_wconf 56' lang='grc' dir='ltr'>νιεσῖαι</span> <span class='ocrx_word' id='word_1_342' title='bbox 562 2600 638 2619; x_wconf 76' lang='lat' dir='ltr'>nan</span> <span class='ocrx_word' id='word_1_343' title='bbox 680 2585 815 2619; x_wconf 72' lang='grc' dir='ltr'>ουὸειί.</span> <span class='ocrx_word' id='word_1_344' title='bbox 858 2587 917 2618; x_wconf 90' lang='lat' dir='ltr'>Sil.</span> 
     </span>
     <span class='ocr_line' id='line_1_48' title="bbox 253 2630 918 2672; baseline 0.003 -12"><span class='ocrx_word' id='word_1_345' title='bbox 253 2630 290 2661; x_wconf 84' lang='lat' dir='ltr'>lt</span> <span class='ocrx_word' id='word_1_346' title='bbox 325 2632 378 2672; x_wconf 77' lang='lat' dir='ltr'>lb,</span> <span class='ocrx_word' id='word_1_347' title='bbox 408 2632 488 2669; x_wconf 60' lang='lat'>2513</span> <span class='ocrx_word' id='word_1_348' title='bbox 521 2644 546 2663; x_wconf 88' lang='lat' dir='ltr'>s.</span> <span class='ocrx_word' id='word_1_349' title='bbox 580 2620 713 2665; x_wconf 68' lang='lat' dir='ltr'>lliiileit.</span> <span class='ocrx_word' id='word_1_350' title='bbox 739 2634 770 2664; x_wconf 93' lang='lat' dir='ltr'>S.</span> <span class='ocrx_word' id='word_1_351' title='bbox 798 2632 851 2663; x_wconf 89' lang='lat'>22.</span> <span class='ocrx_word' id='word_1_352' title='bbox 875 2650 918 2654; x_wconf 89' lang='lat'>—-</span> 
     </span>
     <span class='ocr_line' id='line_1_49' title="bbox 253 2677 574 2718; baseline 0.003 -11"><span class='ocrx_word' id='word_1_353' title='bbox 253 2679 359 2716; x_wconf 75' lang='lat' dir='ltr'>Iac-ilc,</span> <span class='ocrx_word' id='word_1_354' title='bbox 378 2687 404 2708; x_wconf 88' lang='lat' dir='ltr'>s.</span> <span class='ocrx_word' id='word_1_355' title='bbox 424 2678 451 2718; x_wconf 87' lang='lat'>5,</span> <span class='ocrx_word' id='word_1_356' title='bbox 472 2677 574 2718; x_wconf 77' lang='lat' dir='ltr'>2S,1.</span> 
     </span>
    </p>
   </div>
   <div class='ocr_carea' id='block_1_6' title="bbox 989 1643 1662 2716">
    <p class='ocr_par' dir='ltr' id='par_1_13' title="bbox 989 1643 1661 2133">
     <span class='ocr_line' id='line_1_50' title="bbox 1035 1643 1656 1686; baseline 0 -11"><span class='ocrx_word' id='word_1_357' title='bbox 1035 1644 1145 1676; x_wconf 65' lang='lat'>6—8.</span> <span class='ocrx_word' id='word_1_358' title='bbox 1182 1644 1344 1677; x_wconf 71' lang='lat' dir='ltr'>miraculo</span> <span class='ocrx_word' id='word_1_359' title='bbox 1368 1649 1447 1686; x_wconf 86' lang='lat' dir='ltr'>etc.,</span> <span class='ocrx_word' id='word_1_360' title='bbox 1471 1645 1523 1675; x_wconf 87' lang='lat' dir='ltr'>ein</span> <span class='ocrx_word' id='word_1_361' title='bbox 1542 1643 1656 1681; x_wconf 85' lang='lat' dir='ltr'>Name,</span> 
     </span>
     <span class='ocr_line' id='line_1_51' title="bbox 990 1689 1656 1721; baseline -0.002 -1"><span class='ocrx_word' id='word_1_362' title='bbox 990 1690 1051 1721; x_wconf 88' lang='lat' dir='ltr'>den</span> <span class='ocrx_word' id='word_1_363' title='bbox 1069 1708 1114 1712; x_wconf 87' lang='lat'>—</span> <span class='ocrx_word' id='word_1_364' title='bbox 1130 1690 1193 1721; x_wconf 83' lang='lat' dir='ltr'>wie</span> <span class='ocrx_word' id='word_1_365' title='bbox 1211 1690 1263 1721; x_wconf 87' lang='lat' dir='ltr'>ein</span> <span class='ocrx_word' id='word_1_366' title='bbox 1278 1689 1432 1721; x_wconf 87' lang='lat' dir='ltr'>Wunder</span> <span class='ocrx_word' id='word_1_367' title='bbox 1445 1693 1656 1720; x_wconf 82' lang='lat' dir='ltr'>anstaunten.</span> 
     </span>
     <span class='ocr_line' id='line_1_52' title="bbox 989 1734 1659 1777; baseline -0.003 -11"><span class='ocrx_word' id='word_1_368' title='bbox 989 1752 1034 1757; x_wconf 90' lang='lat'>—-</span> <span class='ocrx_word' id='word_1_369' title='bbox 1046 1736 1289 1777; x_wconf 78' lang='lat' dir='ltr'>magnosast.:</span> <span class='ocrx_word' id='word_1_370' title='bbox 1305 1745 1368 1766; x_wconf 91' lang='lat' dir='ltr'>von</span> <span class='ocrx_word' id='word_1_371' title='bbox 1384 1735 1490 1765; x_wconf 88' lang='lat' dir='ltr'>eiuem</span> <span class='ocrx_word' id='word_1_372' title='bbox 1505 1744 1541 1765; x_wconf 91' lang='lat' dir='ltr'>so</span> <span class='ocrx_word' id='word_1_373' title='bbox 1555 1734 1659 1765; x_wconf 85' lang='lat' dir='ltr'>hohen</span> 
     </span>
     <span class='ocr_line' id='line_1_53' title="bbox 991 1779 1659 1821; baseline -0.001 -11"><span class='ocrx_word' id='word_1_374' title='bbox 991 1779 1185 1819; x_wconf 79' lang='lat' dir='ltr'>(sittlichen)</span> <span class='ocrx_word' id='word_1_375' title='bbox 1206 1779 1434 1821; x_wconf 84' lang='lat' dir='ltr'>Standpunkte</span> <span class='ocrx_word' id='word_1_376' title='bbox 1458 1789 1534 1818; x_wconf 88' lang='lat' dir='ltr'>aus,</span> <span class='ocrx_word' id='word_1_377' title='bbox 1558 1779 1659 1810; x_wconf 86' lang='lat' dir='ltr'>durch</span> 
     </span>
     <span class='ocr_line' id='line_1_54' title="bbox 989 1823 1659 1866; baseline -0.003 -10"><span class='ocrx_word' id='word_1_378' title='bbox 989 1835 1138 1866; x_wconf 76' lang='lat' dir='ltr'>magnas</span> <span class='ocrx_word' id='word_1_379' title='bbox 1157 1825 1221 1856; x_wconf 88' lang='lat' dir='ltr'>soll</span> <span class='ocrx_word' id='word_1_380' title='bbox 1235 1825 1301 1856; x_wconf 83' lang='lat' dir='ltr'>wol</span> <span class='ocrx_word' id='word_1_381' title='bbox 1314 1825 1365 1856; x_wconf 84' lang='lat' dir='ltr'>die</span> <span class='ocrx_word' id='word_1_382' title='bbox 1379 1824 1555 1864; x_wconf 86' lang='lat' dir='ltr'>gewaltige</span> <span class='ocrx_word' id='word_1_383' title='bbox 1570 1823 1659 1854; x_wconf 66' lang='lat' dir='ltr'>the</span> 
     </span>
     <span class='ocr_line' id='line_1_55' title="bbox 990 1870 1661 1910; baseline -0.001 -10"><span class='ocrx_word' id='word_1_384' title='bbox 990 1870 1186 1901; x_wconf 81' lang='lat' dir='ltr'>bezeichnet</span> <span class='ocrx_word' id='word_1_385' title='bbox 1209 1871 1358 1910; x_wconf 77' lang='lat' dir='ltr'>werden,</span> <span class='ocrx_word' id='word_1_386' title='bbox 1382 1870 1445 1900; x_wconf 86' lang='lat' dir='ltr'>wie</span> <span class='ocrx_word' id='word_1_387' title='bbox 1462 1870 1544 1900; x_wconf 87' lang='lat' dir='ltr'>auch</span> <span class='ocrx_word' id='word_1_388' title='bbox 1566 1873 1661 1900; x_wconf 88' lang='lat' dir='ltr'>sonst</span> 
     </span>
     <span class='ocr_line' id='line_1_56' title="bbox 990 1914 1658 1956; baseline -0.003 -10"><span class='ocrx_word' id='word_1_389' title='bbox 990 1925 1139 1956; x_wconf 76' lang='lat' dir='ltr'>magnus</span> <span class='ocrx_word' id='word_1_390' title='bbox 1168 1915 1364 1956; x_wconf 84' lang='lat' dir='ltr'>speciellere</span> <span class='ocrx_word' id='word_1_391' title='bbox 1394 1914 1658 1954; x_wconf 84' lang='lat' dir='ltr'>Bestimmungen</span> 
     </span>
     <span class='ocr_line' id='line_1_57' title="bbox 992 1957 1658 1999; baseline -0.002 -9"><span class='ocrx_word' id='word_1_392' title='bbox 992 1960 1140 1991; x_wconf 78' lang='lat' dir='ltr'>vertritt.</span> <span class='ocrx_word' id='word_1_393' title='bbox 1160 1970 1185 1991; x_wconf 91' lang='grc'>3.</span> <span class='ocrx_word' id='word_1_394' title='bbox 1200 1960 1440 1999; x_wconf 81' lang='lat' dir='ltr'>Naegelsbach.</span> <span class='ocrx_word' id='word_1_395' title='bbox 1455 1957 1658 1991; x_wconf 78' lang='lat' dir='ltr'>Stil.s.187.</span> 
     </span>
     <span class='ocr_line' id='line_1_58' title="bbox 992 2004 1660 2047; baseline -0.003 -11"><span class='ocrx_word' id='word_1_396' title='bbox 992 2004 1079 2036; x_wconf 87' lang='lat' dir='ltr'>Vell.</span> <span class='ocrx_word' id='word_1_397' title='bbox 1095 2005 1164 2036; x_wconf 87' lang='lat' dir='ltr'>Pat.</span> <span class='ocrx_word' id='word_1_398' title='bbox 1182 2004 1213 2045; x_wconf 87' lang='grc'>2,</span> <span class='ocrx_word' id='word_1_399' title='bbox 1233 2004 1305 2043; x_wconf 88' lang='grc'><strong>131,</strong></span> <span class='ocrx_word' id='word_1_400' title='bbox 1319 2005 1330 2035; x_wconf 95' lang='lat' dir='ltr'>l</span> <span class='ocrx_word' id='word_1_401' title='bbox 1345 2016 1351 2035; x_wconf 91' lang='lat'>:</span> <span class='ocrx_word' id='word_1_402' title='bbox 1366 2007 1398 2035; x_wconf 75' lang='lat' dir='ltr'>in</span> <span class='ocrx_word' id='word_1_403' title='bbox 1412 2004 1660 2047; x_wconf 76' lang='lat' dir='ltr'>amplissimum</span> 
     </span>
     <span class='ocr_line' id='line_1_59' title="bbox 991 2050 1661 2090; baseline -0.001 -10"><span class='ocrx_word' id='word_1_404' title='bbox 991 2052 1163 2081; x_wconf 78' lang='lat' dir='ltr'>terrarum</span> <span class='ocrx_word' id='word_1_405' title='bbox 1182 2051 1271 2081; x_wconf 75' lang='lat' dir='ltr'>orbis</span> <span class='ocrx_word' id='word_1_406' title='bbox 1288 2050 1488 2090; x_wconf 67' lang='lat' dir='ltr'>fastigium.</span> <span class='ocrx_word' id='word_1_407' title='bbox 1506 2067 1550 2071; x_wconf 92' lang='lat'>—</span> <span class='ocrx_word' id='word_1_408' title='bbox 1567 2051 1600 2079; x_wconf 79' lang='lat' dir='ltr'>et</span> <span class='ocrx_word' id='word_1_409' title='bbox 1617 2059 1661 2079; x_wconf 66' lang='lat' dir='ltr'>em</span> 
     </span>
     <span class='ocr_line' id='line_1_60' title="bbox 992 2094 1526 2133; baseline 0 -9"><span class='ocrx_word' id='word_1_410' title='bbox 992 2099 1066 2133; x_wconf 64' lang='lat' dir='ltr'>etc„</span> <span class='ocrx_word' id='word_1_411' title='bbox 1084 2095 1148 2124; x_wconf 90' lang='lat' dir='ltr'>und</span> <span class='ocrx_word' id='word_1_412' title='bbox 1166 2094 1362 2124; x_wconf 83' lang='lat' dir='ltr'>namenllich</span> <span class='ocrx_word' id='word_1_413' title='bbox 1380 2094 1460 2124; x_wconf 87' lang='lat' dir='ltr'>liess</span> <span class='ocrx_word' id='word_1_414' title='bbox 1479 2103 1526 2124; x_wconf 85' lang='lat' dir='ltr'>er.</span> 
     </span>
    </p>

    <p class='ocr_par' dir='ltr' id='par_1_14' title="bbox 990 2137 1662 2583">
     <span class='ocr_line' id='line_1_61' title="bbox 1038 2137 1657 2179; baseline 0.002 -12"><span class='ocrx_word' id='word_1_415' title='bbox 1038 2138 1158 2168; x_wconf 78' lang='lat'>9—10.</span> <span class='ocrx_word' id='word_1_416' title='bbox 1185 2138 1220 2169; x_wconf 78' lang='lat' dir='ltr'>id</span> <span class='ocrx_word' id='word_1_417' title='bbox 1235 2141 1312 2178; x_wconf 64' lang='lat' dir='ltr'>aet„</span> <span class='ocrx_word' id='word_1_418' title='bbox 1331 2139 1397 2178; x_wconf 75' lang='lat' dir='ltr'>vgl.</span> <span class='ocrx_word' id='word_1_419' title='bbox 1421 2138 1476 2178; x_wconf 78' lang='lat'>10,</span> <span class='ocrx_word' id='word_1_420' title='bbox 1497 2138 1549 2179; x_wconf 78' lang='grc'>24,</span> <span class='ocrx_word' id='word_1_421' title='bbox 1568 2137 1598 2177; x_wconf 81' lang='grc'>6,</span> <span class='ocrx_word' id='word_1_422' title='bbox 1619 2148 1657 2169; x_wconf 86' lang='lat' dir='ltr'>an</span> 
     </span>
     <span class='ocr_line' id='line_1_62' title="bbox 992 2182 1660 2226; baseline 0.003 -14"><span class='ocrx_word' id='word_1_423' title='bbox 992 2193 1023 2212; x_wconf 93' lang='lat' dir='ltr'>u.</span> <span class='ocrx_word' id='word_1_424' title='bbox 1044 2182 1110 2213; x_wconf 87' lang='lat' dir='ltr'>St.:</span> <span class='ocrx_word' id='word_1_425' title='bbox 1129 2183 1160 2213; x_wconf 90' lang='lat' dir='ltr'>in</span> <span class='ocrx_word' id='word_1_426' title='bbox 1180 2193 1215 2214; x_wconf 90' lang='lat' dir='ltr'>so</span> <span class='ocrx_word' id='word_1_427' title='bbox 1231 2188 1357 2214; x_wconf 74' lang='lat' dir='ltr'>zai-tem</span> <span class='ocrx_word' id='word_1_428' title='bbox 1372 2183 1478 2219; x_wconf 74' lang='lat' dir='ltr'>Alter,</span> <span class='ocrx_word' id='word_1_429' title='bbox 1495 2182 1515 2224; x_wconf 63' lang='grc' dir='ltr'><strong>ξ</strong></span> <span class='ocrx_word' id='word_1_430' title='bbox 1531 2184 1549 2213; x_wconf 84' lang='grc'>8</span> <span class='ocrx_word' id='word_1_431' title='bbox 1563 2193 1660 2226; x_wconf 75' lang='lat' dir='ltr'>puer.</span> 
     </span>
     <span class='ocr_line' id='line_1_63' title="bbox 991 2227 1662 2267; baseline -0.001 -7"><span class='ocrx_word' id='word_1_432' title='bbox 991 2245 1035 2249; x_wconf 91' lang='lat'>—</span> <span class='ocrx_word' id='word_1_433' title='bbox 1056 2227 1189 2261; x_wconf 63' lang='lat' dir='ltr'>Nmnid.</span> <span class='ocrx_word' id='word_1_434' title='bbox 1209 2239 1248 2262; x_wconf 70' lang='lat' dir='ltr'>e..</span> <span class='ocrx_word' id='word_1_435' title='bbox 1268 2238 1293 2259; x_wconf 92' lang='lat' dir='ltr'>s.</span> <span class='ocrx_word' id='word_1_436' title='bbox 1312 2228 1366 2267; x_wconf 60' lang='lat'>23,</span> <span class='ocrx_word' id='word_1_437' title='bbox 1384 2228 1437 2267; x_wconf 84' lang='lat'>43,</span> <span class='ocrx_word' id='word_1_438' title='bbox 1457 2228 1488 2258; x_wconf 76' lang='lat'>4.</span> <span class='ocrx_word' id='word_1_439' title='bbox 1506 2245 1550 2250; x_wconf 94' lang='lat'><strong>—</strong></span> <span class='ocrx_word' id='word_1_440' title='bbox 1565 2228 1662 2260; x_wconf 78' lang='lat' dir='ltr'>&#39;Mas-</span> 
     </span>
     <span class='ocr_line' id='line_1_64' title="bbox 995 2272 1660 2316; baseline 0.002 -13"><span class='ocrx_word' id='word_1_441' title='bbox 995 2275 1071 2311; x_wconf 54' lang='lat' dir='ltr'>sz&#39;v„</span> <span class='ocrx_word' id='word_1_442' title='bbox 1096 2273 1175 2303; x_wconf 85' lang='lat' dir='ltr'>Sall.</span> <span class='ocrx_word' id='word_1_443' title='bbox 1194 2272 1217 2304; x_wconf 85' lang='lat'>1.</span> <span class='ocrx_word' id='word_1_444' title='bbox 1238 2273 1290 2303; x_wconf 78' lang='lat'>35.</span> <span class='ocrx_word' id='word_1_445' title='bbox 1310 2290 1352 2295; x_wconf 87' lang='lat'>·—</span> <span class='ocrx_word' id='word_1_446' title='bbox 1370 2273 1550 2316; x_wconf 76' lang='lat' dir='ltr'>populares</span> <span class='ocrx_word' id='word_1_447' title='bbox 1566 2283 1610 2314; x_wconf 80' lang='lat' dir='ltr'>v.‚</span> <span class='ocrx_word' id='word_1_448' title='bbox 1633 2283 1660 2304; x_wconf 91' lang='lat' dir='ltr'>s.</span> 
     </span>
     <span class='ocr_line' id='line_1_65' title="bbox 993 2316 1662 2359; baseline 0.003 -13"><span class='ocrx_word' id='word_1_449' title='bbox 993 2316 1051 2355; x_wconf 84' lang='lat'>30,</span> <span class='ocrx_word' id='word_1_450' title='bbox 1077 2317 1210 2356; x_wconf 52' lang='lat'>4212,</span> <span class='ocrx_word' id='word_1_451' title='bbox 1234 2318 1288 2357; x_wconf 75' lang='lat'>25,</span> <span class='ocrx_word' id='word_1_452' title='bbox 1307 2318 1414 2359; x_wconf 74' lang='lat'>40,6;</span> <span class='ocrx_word' id='word_1_453' title='bbox 1440 2318 1581 2357; x_wconf 82' lang='lat'>2‚12,9</span> <span class='ocrx_word' id='word_1_454' title='bbox 1600 2328 1662 2348; x_wconf 84' lang='lat' dir='ltr'>nur</span> 
     </span>
     <span class='ocr_line' id='line_1_66' title="bbox 992 2362 1660 2402; baseline 0 -9"><span class='ocrx_word' id='word_1_455' title='bbox 992 2366 1120 2393; x_wconf 69' lang='lat' dir='ltr'>vocant.</span> <span class='ocrx_word' id='word_1_456' title='bbox 1138 2381 1181 2385; x_wconf 77' lang='lat'><strong>—</strong></span> <span class='ocrx_word' id='word_1_457' title='bbox 1198 2366 1278 2394; x_wconf 76' lang='lat' dir='ltr'>mat.</span> <span class='ocrx_word' id='word_1_458' title='bbox 1296 2374 1366 2401; x_wconf 60' lang='lat' dir='ltr'>atu,</span> <span class='ocrx_word' id='word_1_459' title='bbox 1390 2363 1456 2402; x_wconf 81' lang='lat' dir='ltr'>vgl.</span> <span class='ocrx_word' id='word_1_460' title='bbox 1476 2362 1536 2402; x_wconf 73' lang='lat'>28,</span> <span class='ocrx_word' id='word_1_461' title='bbox 1556 2362 1608 2401; x_wconf 84' lang='lat'>35,</span> <span class='ocrx_word' id='word_1_462' title='bbox 1630 2363 1660 2393; x_wconf 85' lang='lat' dir='ltr'>S.</span> 
     </span>
     <span class='ocr_line' id='line_1_67' title="bbox 992 2407 1659 2446; baseline 0 -8"><span class='ocrx_word' id='word_1_463' title='bbox 992 2425 1033 2428; x_wconf 90' lang='lat'>—</span> <span class='ocrx_word' id='word_1_464' title='bbox 1053 2408 1179 2446; x_wconf 56' lang='lat' dir='ltr'>adast„</span> <span class='ocrx_word' id='word_1_465' title='bbox 1198 2407 1272 2439; x_wconf 84' lang='lat' dir='ltr'>Val.</span> <span class='ocrx_word' id='word_1_466' title='bbox 1292 2408 1381 2439; x_wconf 80' lang='lat' dir='ltr'>Max.</span> <span class='ocrx_word' id='word_1_467' title='bbox 1399 2409 1420 2439; x_wconf 93' lang='lat' dir='ltr'>l.</span> <span class='ocrx_word' id='word_1_468' title='bbox 1442 2408 1462 2439; x_wconf 94' lang='lat' dir='ltr'>l.</span> <span class='ocrx_word' id='word_1_469' title='bbox 1480 2407 1659 2439; x_wconf 77' lang='lat' dir='ltr'>educatam</span> 
     </span>
     <span class='ocr_line' id='line_1_68' title="bbox 992 2452 1657 2495; baseline 0 -12"><span class='ocrx_word' id='word_1_470' title='bbox 992 2452 1085 2495; x_wconf 74' lang='lat' dir='ltr'>apud</span> <span class='ocrx_word' id='word_1_471' title='bbox 1100 2453 1313 2491; x_wconf 69' lang='lat' dir='ltr'>arunculam,</span> <span class='ocrx_word' id='word_1_472' title='bbox 1333 2464 1359 2483; x_wconf 87' lang='lat' dir='ltr'>s.</span> <span class='ocrx_word' id='word_1_473' title='bbox 1382 2453 1408 2491; x_wconf 90' lang='grc'><strong>1,</strong></span> <span class='ocrx_word' id='word_1_474' title='bbox 1424 2452 1474 2493; x_wconf 78' lang='grc'>39,</span> <span class='ocrx_word' id='word_1_475' title='bbox 1491 2452 1521 2483; x_wconf 79' lang='grc'>6.</span> <span class='ocrx_word' id='word_1_476' title='bbox 1538 2471 1579 2474; x_wconf 92' lang='grc'><strong>-</strong></span> <span class='ocrx_word' id='word_1_477' title='bbox 1594 2463 1657 2483; x_wconf 85' lang='lat' dir='ltr'>nu—</span> 
     </span>
     <span class='ocr_line' id='line_1_69' title="bbox 990 2497 1658 2539; baseline -0.001 -11"><span class='ocrx_word' id='word_1_478' title='bbox 990 2508 1052 2539; x_wconf 72' lang='lat' dir='ltr'>per</span> <span class='ocrx_word' id='word_1_479' title='bbox 1076 2508 1101 2528; x_wconf 70' lang='grc' dir='ltr'>ο.</span> <span class='ocrx_word' id='word_1_480' title='bbox 1125 2509 1189 2539; x_wconf 83' lang='lat' dir='ltr'>eq.,</span> <span class='ocrx_word' id='word_1_481' title='bbox 1215 2498 1266 2528; x_wconf 90' lang='lat' dir='ltr'>die</span> <span class='ocrx_word' id='word_1_482' title='bbox 1292 2508 1318 2528; x_wconf 82' lang='lat' dir='ltr'>c.</span> <span class='ocrx_word' id='word_1_483' title='bbox 1338 2498 1372 2538; x_wconf 87' lang='lat'>5,</span> <span class='ocrx_word' id='word_1_484' title='bbox 1403 2497 1438 2527; x_wconf 92' lang='lat' dir='ltr'>ll</span> <span class='ocrx_word' id='word_1_485' title='bbox 1466 2497 1658 2537; x_wconf 76' lang='lat' dir='ltr'>geriisteten</span> 
     </span>
     <span class='ocr_line' id='line_1_70' title="bbox 991 2542 1659 2583; baseline -0.001 -10"><span class='ocrx_word' id='word_1_486' title='bbox 991 2542 1146 2583; x_wconf 75' lang='lat' dir='ltr'>Truppen</span> <span class='ocrx_word' id='word_1_487' title='bbox 1163 2543 1234 2573; x_wconf 82' lang='lat' dir='ltr'>sind</span> <span class='ocrx_word' id='word_1_488' title='bbox 1249 2542 1320 2573; x_wconf 86' lang='lat' dir='ltr'>also</span> <span class='ocrx_word' id='word_1_489' title='bbox 1334 2543 1458 2573; x_wconf 84' lang='lat' dir='ltr'>bereits</span> <span class='ocrx_word' id='word_1_490' title='bbox 1472 2542 1659 2581; x_wconf 72' lang='lat' dir='ltr'>angelangt.</span> 
     </span>
    </p>

    <p class='ocr_par' dir='ltr' id='par_1_15' title="bbox 991 2586 1659 2716">
     <span class='ocr_line' id='line_1_71' title="bbox 1041 2586 1658 2630; baseline 0 -13"><span class='ocrx_word' id='word_1_491' title='bbox 1041 2587 1192 2618; x_wconf 82' lang='lat'>11—12.</span> <span class='ocrx_word' id='word_1_492' title='bbox 1215 2598 1279 2630; x_wconf 76' lang='lat' dir='ltr'>pro</span> <span class='ocrx_word' id='word_1_493' title='bbox 1299 2589 1389 2625; x_wconf 58' lang='lat' dir='ltr'>trib„</span> <span class='ocrx_word' id='word_1_494' title='bbox 1414 2597 1487 2618; x_wconf 81' lang='lat' dir='ltr'>von]</span> <span class='ocrx_word' id='word_1_495' title='bbox 1506 2586 1561 2617; x_wconf 88' lang='lat' dir='ltr'>Tr.</span> <span class='ocrx_word' id='word_1_496' title='bbox 1590 2596 1658 2627; x_wconf 88' lang='lat' dir='ltr'>aus,</span> 
     </span>
     <span class='ocr_line' id='line_1_72' title="bbox 991 2631 1659 2672; baseline -0.001 -10"><span class='ocrx_word' id='word_1_497' title='bbox 991 2632 1108 2662; x_wconf 72' lang='lat' dir='ltr'>‹lessen</span> <span class='ocrx_word' id='word_1_498' title='bbox 1143 2635 1319 2672; x_wconf 58' lang='lat' dir='ltr'>gresseren</span> <span class='ocrx_word' id='word_1_499' title='bbox 1353 2631 1450 2663; x_wconf 91' lang='lat' dir='ltr'>Theil</span> <span class='ocrx_word' id='word_1_500' title='bbox 1484 2642 1521 2662; x_wconf 87' lang='lat' dir='ltr'>cr</span> <span class='ocrx_word' id='word_1_501' title='bbox 1549 2631 1659 2662; x_wconf 86' lang='lat' dir='ltr'>binter</span> 
     </span>
     <span class='ocr_line' id='line_1_73' title="bbox 991 2677 1659 2716; baseline -0.001 -8"><span class='ocrx_word' id='word_1_502' title='bbox 991 2677 1059 2708; x_wconf 81' lang='lat' dir='ltr'>sich</span> <span class='ocrx_word' id='word_1_503' title='bbox 1083 2678 1158 2716; x_wconf 81' lang='lat' dir='ltr'>bat3</span> <span class='ocrx_word' id='word_1_504' title='bbox 1188 2687 1224 2708; x_wconf 87' lang='lat' dir='ltr'>es</span> <span class='ocrx_word' id='word_1_505' title='bbox 1249 2677 1320 2708; x_wconf 88' lang='lat' dir='ltr'>sind</span> <span class='ocrx_word' id='word_1_506' title='bbox 1345 2677 1554 2708; x_wconf 84' lang='lat' dir='ltr'>ricbterliche</span> <span class='ocrx_word' id='word_1_507' title='bbox 1579 2677 1659 2708; x_wconf 85' lang='lat' dir='ltr'>oder</span> 
     </span>
    </p>
   </div>
   <div class='ocr_carea' id='block_1_7' title="bbox 1672 0 1784 2967">
    <p class='ocr_par' dir='ltr' id='par_1_16' title="bbox 1672 0 1784 2967">
     <span class='ocr_line' id='line_1_74' title="bbox 1672 0 1784 2967; baseline 0 0"><span class='ocrx_word' id='word_1_508' title='bbox 1672 0 1784 2967; x_wconf 95' lang='lat' dir='ltr'> </span> 
     </span>
    </p>
   </div>
  </div>
 </body>
</html>
