1784 2967
161 400 201 433 10

156 627 195 660 11

160 800 201 832 12

157 971 196 1003 13

154 1080 196 1112 14

702 234 828 268 LIBER
844 234 970 268 XXIV.
1003 234 1094 269 CAP.
1113 235 1167 268 40.
1489 251 1515 269 a.
1530 251 1558 269 u.
1573 244 1634 270 540.

235 237 288 277 8ss

233 350 380 378 sessam
414 337 522 377 duxit
541 342 578 376 et
597 341 730 385 nocte,
758 336 808 376 ita
829 343 871 376 ut
889 350 1004 377 nemo
1027 337 1198 377 hostium
1222 336 1395 384 sentiret,
1423 336 1555 376 urbem
1577 341 1638 376 est

232 395 444 445 ingressus.
495 394 596 432 diem
622 393 885 445 insequentem
908 394 1103 446 quievere,
1137 394 1227 433 dum
1258 393 1474 444 praefectus
1502 393 1635 432 iuven-

228 456 351 490 tutem
368 450 670 502 Apolloniatium
688 463 870 502 armaque
887 456 924 490 et
939 450 1046 490 urbis
1063 451 1161 489 vires
1179 450 1397 501 inspiceret.
1434 449 1499 488 ubi
1515 463 1558 489 ea
1579 450 1635 488 viu

228 520 271 546 sa
299 507 550 558 inspectaque
571 506 664 545 satis
686 507 905 546 animorum
926 507 1068 556 fecere,
1099 507 1291 558 simulque
1311 506 1356 545 ab
1378 505 1633 557 exploratori-

228 564 300 602 bus
331 564 525 614 conperit,
554 568 696 614 quanta
722 563 900 602 socordia
921 576 965 602 ac
984 564 1221 614 neglegentia
1243 563 1342 614 apud
1366 563 1500 601 hostes
1522 567 1634 609 esset,

228 620 379 659 silentio
400 619 525 659 noctis
548 620 593 659 ab
614 619 709 658 urhe
729 620 813 658 sine
834 620 909 658 ullo
930 621 1099 659 tumultu
1119 631 1300 670 egressus
1325 619 1635 669 castrahostium

228 676 322 715 adeo
345 677 514 727 neglecta
535 681 649 727 atque
669 682 801 727 aperta
822 676 984 723 intravit,
1012 682 1056 715 ut
1077 677 1167 716 satis
1191 681 1384 715 constaret
1404 675 1512 727 prius
1534 675 1636 714 mille

227 732 432 772 hominum
459 733 599 772 vallum
621 732 787 771 intrasse
810 745 924 784 quam
947 732 1150 783 quisquam
1174 733 1348 780 sentiret,
1378 745 1439 778 ac,
1470 732 1502 771 si
1523 732 1636 771 caede

234 789 528 835 abstinuissent,
554 788 753 840 pervenire
775 790 820 828 ad
842 789 1130 828 tabernaculum
1150 788 1297 840 regium
1319 789 1505 840 potuisse.
1547 801 1632 828 cae—

234 846 301 884 des
327 845 598 897 proximorum
623 850 758 896 portae
785 845 959 884 excitavit
980 846 1131 894 hostes,
1159 845 1246 884 inde
1266 851 1395 884 tantus
1416 851 1543 884 terror
1563 858 1632 896 pa-

227 914 373 952 vorque
402 901 529 940 omnis
552 903 767 952 occupavit,
795 907 837 940 ut
856 913 938 940 non
958 902 1076 940 modo
1099 901 1192 941 alius
1215 902 1418 953 quisquam
1442 914 1548 940 arma
1570 914 1633 940 ca—

226 963 335 1010 peret
356 963 420 997 aut
441 958 576 997 castris
598 958 736 1009 pellere
755 959 910 997 hostem
933 963 1157 1005 conaretur,
1191 959 1304 997 etiam
1328 959 1412 1009 ipse
1433 971 1511 1005 rex,
1535 957 1634 997 sicut

227 1027 368 1053 somno
400 1014 544 1054 excitus
567 1020 663 1062 erat,
692 1027 814 1066 prope
837 1014 1063 1054 seminudus
1084 1014 1236 1066 fugiens
1258 1015 1368 1053 militi
1390 1028 1542 1066 quoque
1563 1026 1631 1053 ne—

226 1071 319 1110 dum
340 1071 418 1122 regi
440 1071 499 1109 vix
520 1071 661 1110 decoro
683 1071 835 1118 habitu,
864 1072 910 1110 ad
931 1073 1073 1111 flumen
1095 1071 1280 1122 navisque
1301 1071 1521 1122 perfugerit.
1563 1084 1630 1109 eo-

226 1128 313 1166 dem
343 1133 379 1166 et
405 1127 474 1166 alia
501 1127 612 1166 turba
644 1128 764 1166 effusa
787 1133 856 1167 est.
898 1129 1010 1179 paulo
1034 1128 1165 1167 minus
1186 1128 1258 1167 tria
1280 1128 1384 1167 milia
1406 1127 1570 1166 militum
1591 1127 1630 1166 in

226 1183 361 1222 castris
391 1189 455 1222 aut
477 1189 587 1235 capta
608 1190 672 1224 aut
693 1184 838 1223 occisa:
866 1184 955 1235 plus
977 1190 1106 1223 tamen
1129 1185 1331 1223 hominum
1352 1184 1543 1235 aliquanto
1568 1197 1630 1223 ea-

224 1245 333 1292 ptum
366 1253 481 1291 quam
503 1252 659 1280 caesum
682 1246 752 1279 est.
794 1242 930 1281 castris
953 1241 1112 1293 direptis
1134 1240 1397 1292 Apolloniatae
1419 1240 1629 1291 catapultas

956 1364 1020 1397 pro
1041 1353 1150 1385 salute
1165 1355 1234 1392 tna,
1249 1352 1309 1385 sed
1321 1355 1421 1384 eriam
1440 1363 1502 1395 pro
1518 1352 1570 1394 dig
1577 1354 1628 1384 ni-

960 1401 1029 1430 tate
1041 1399 1264 1440 defugerem?
1277 1398 1367 1429 Fam.
1382 1398 1431 1437 15,
1442 1397 1472 1437 6,
1493 1398 1504 1428 1
1519 1408 1528 1437 3
1549 1397 1633 1430 Bell.

222 1351 307 1383 3.—-
324 1351 414 1391 dum,
430 1352 530 1384 damit
544 1353 775 1393 unterdessen,
795 1363 821 1384 s.
833 1352 885 1391 21,

222 1397 252 1437 8,
271 1397 298 1428 1.
314 1415 359 1420 —
381 1408 420 1429 ea
436 1407 464 1429 v.
480 1396 579 1441 insp.,
599 1398 628 1429 d.
644 1399 672 1429 h.
692 1399 750 1430 das
767 1397 888 1429 ResuI-

221 1447 272 1474 tat
290 1443 349 1474 der
366 1442 610 1483 Besichtigung.
627 1460 670 1466 —-—
695 1446 887 1475 animorum

221 1488 314 1529 geht,
339 1488 401 1518 wie
428 1490 594 1531 comperit
617 1488 721 1528 zeigt‚
748 1499 811 1520 nur
833 1487 892 1520 auf

222 1533 284 1564 den
309 1531 504 1572 Pr'afecten,
530 1544 557 1564 s.
577 1544 603 1564 c.
625 1533 683 1571 42,
702 1533 739 1573 6,
762 1534 827 1564 und
846 1534 889 1565 ist

219 1578 293 1609 hier
306 1578 337 1608 in
352 1582 461 1618 gutem
474 1578 574 1609 Sinne
589 1578 780 1618 gebraucht,
796 1583 889 1609 sonst

220 1621 269 1654 oft
288 1633 382 1653 wenn
407 1623 467 1654 der
485 1623 575 1654 Muth
597 1633 670 1654 zum
689 1623 888 1655 Uebermuth

220 1668 315 1699 wird,
331 1686 374 1690 ——
391 1669 431 1699 ab
449 1679 482 1700 u.
499 1685 544 1690 —
561 1679 625 1710 ega,
645 1679 672 1699 s.
692 1668 742 1707 10,
757 1668 885 1709 43,13:

220 1723 382 1754 egressos
405 1714 445 1744 ab
465 1713 585 1756 oppido
597 1724 608 1750 ‚·
628 1713 764 1745 Terent.
784 1713 886 1745 Andr.

223 1758 252 1795 1,
267 1758 296 1795 3,
314 1758 352 1789 21
374 1769 404 1789 u.
421 1768 463 1797 a.,
483 1758 532 1789 oft
549 1761 645 1790 exire
661 1760 702 1790 ab
726 1761 815 1799 urbe,
836 1759 888 1798 25,

222 1803 275 1842 22,
297 1803 349 1834 11.
366 1821 411 1826 —
433 1803 524 1834 ‘tuille
540 1803 583 1843 Ιι.,
606 1814 631 1835 S.
651 1803 703 1844 23,
722 1804 776 1844 44,
796 1804 828 1835 7.
845 1822 890 1827 ——

221 1850 367 1880 sentiret
390 1859 420 1879 n.
446 1850 606 1880 intrasse.
629 1866 673 1871 —
701 1851 887 1892 pervenire,

221 1903 249 1924 c.
269 1892 321 1932 26,
342 1892 373 1923 2.

269 1937 399 1969 12—13
429 1941 581 1982 promim.
606 1950 651 1981 p.,
676 1949 703 1970 s.
721 1938 775 1979 21,
799 1939 830 1980 5,
858 1939 887 1970 7.

219 1985 411 2024 quisquam,
440 1984 517 2014 weil
546 1985 604 2015 der
628 1983 801 2024 Gedanke,
831 1984 889 2014 ob-

221 2028 326 2067 gleich
346 2028 434 2058 nicht
458 2039 499 2059 ηε
515 2046 559 2050 —
577 2028 719 2070 quidem,
745 2029 886 2059 sondern

220 2074 333 2110 etiam,
353 2073 468 2109 selbst,
489 2083 513 2103 s.
535 2073 565 2114 5,
585 2073 634 2113 38,
655 2073 692 2111 93
713 2074 742 2111 9,
764 2073 814 2112 19,
835 2073 886 2112 14,

219 2118 286 2158 vgl.
300 2118 330 2159 4,
346 2117 398 2157 21,
414 2118 444 2157 6,
459 2116 553 2157 folgt,
570 2118 700 2157 negaiiv
716 2119 768 2149 ist.
786 2118 885 2149 ‘modo

220 2163 264 2193 ist
281 2161 334 2193 fiir
352 2162 419 2193 sich
439 2173 480 2194 zu
499 2163 635 2193 nelmien
647 2178 692 2189 =
705 2166 743 2194 ut
758 2163 887 2195 modice

221 2208 346 2239 dicam.-
380 2207 455 2238 kein
494 2207 662 2245 Anderer,
696 2218 748 2239 um
782 2213 886 2239 etwas

221 2253 386 2293 Miissiges
407 2263 446 2283 zu
465 2263 577 2293 sagen,
606 2263 632 2283 s.
652 2252 704 2291 32,
724 2253 775 2294 20,
795 2253 825 2284 7.
843 2272 888 2276 —

220 2299 335 2336 etlam,
354 2302 437 2329 statt
454 2298 606 2329 dusselbe
621 2297 774 2329 Pr'a'dicat
787 2308 887 2338 nega-

220 2344 269 2374 tiv
287 2344 357 2374 dem
375 2341 503 2382 Hiinige
529 2343 737 2382 beizulegen:
766 2343 828 2374 secl
846 2354 887 2374 ne

219 2398 285 2420 rem
301 2387 433 2429 quidem.
451 2393 524 2425 etc„
549 2388 627 2418 wird
646 2389 696 2418 ein
716 2388 886 2419 stiirkeres

220 2433 250 2463 in
271 2432 490 2464 affirinativer
507 2433 604 2464 Forin
623 2431 798 2473 angefiigt,
818 2443 885 2464 was

219 2478 299 2508 nach
317 2489 382 2509 non
400 2478 509 2517 modo,
527 2488 578 2509 wo
595 2488 640 2519 es,
654 2478 716 2509 wie
729 2488 767 2509 an
783 2478 883 2515 u.St.,

220 2533 262 2552 zu
292 2527 449 2563 trcnncn,
479 2524 538 2554 der
568 2522 722 2554 Gedanke
753 2523 885 2562 negativ

220 2567 271 2606 ist,
292 2568 396 2598 selten
416 2569 595 2609 geschieht,
620 2579 647 2600 s.
667 2568 703 2599 Z.
723 2567 743 2609 ξ
764 2568 827 2599 724
845 2566 883 2606 f.;

219 2611 286 2642 Cic.
306 2611 416 2643 Plane.
436 2612 493 2644 32:
517 2613 621 2645 ullam
641 2614 736 2653 (esse)
756 2616 885 2645 [antam

217 2659 465 2688 contentionem
490 2669 588 2700 quam
613 2670 674 2700 ego
696 2669 762 2690 non
784 2658 883 2690 modo

959 1442 1031 1476 Afr.
1051 1445 1104 1483 47,
1123 1444 1158 1475 4:
1176 1454 1240 1475 non
1258 1443 1356 1475 modo
1371 1444 1439 1474 sibi
1455 1445 1629 1485 quiequam

960 1489 1207 1531 adquisierant,
1231 1507 1275 1512 —
1296 1488 1358 1520 sed
1373 1490 1474 1520 etiam
1490 1507 1534 1511 —
1551 1498 1629 1520 eon-

961 1535 1351 1577 sumpserant.—etiam
1371 1534 1452 1564 ohne
1467 1533 1536 1575 sed,
1549 1533 1629 1565 aber

963 1580 1042 1610 nach
1066 1578 1285 1610 affimnativen
1306 1578 1483 1610 Gedanken
1503 1589 1529 1610 s.
1549 1577 1627 1610 Tac.

961 1625 1046 1656 Ann.
1072 1623 1102 1663 3,
1129 1624 1185 1656 19:
1214 1634 1281 1655 non
1309 1624 1408 1655 modo
1435 1623 1529 1667 apud
1552 1623 1628 1655 illos

961 1670 1113 1701 homiues
1134 1688 1179 1692 —
1209 1670 1312 1700 eliam
1342 1672 1467 1700 secutis
1498 1671 1627 1712 tempo-

962 1716 1077 1754 rzhus,·
1098 1713 1276 1745 Cie.01fic.
1300 1715 1326 1751 1,
1343 1714 1395 1753 22,
1412 1713 1470 1752 763
1490 1714 1557 1753 v.gl
1574 1713 1627 1754 22,

962 1760 1015 1799 25,
1035 1760 1064 1790 7.
1082 1761 1252 1801 ——sz'cut,
1272 1770 1297 1790 s.
1319 1739 1348 1797 2,
1372 1759 1422 1798 10,
1444 1759 1504 1798 11,
1523 1758 1627 1799 22,,1

965 1805 1022 1843 143
1050 1804 1143 1836 Caes.
1162 1804 1195 1835 B.
1215 1803 1252 1836 G.
1281 1804 1317 1843 7,
1336 1784 1394 1845 46,
1414 1805 1444 1835 5.
1463 1823 1505 1826 ——
1530 1803 1631 1835 militi

962 1849 1254 1892 quoque,71edmn
1279 1855 1355 1889 etc„
1386 1850 1445 1880 der
1469 1849 1629 1889 gewo'hn—

962 1895 1047 1926 liche
1065 1895 1239 1926 Ausdruck
1258 1896 1347 1926 w'are
1370 1897 1431 1926 via*
1452 1894 1555 1925 mzlz'ti
1568 1905 1628 1925 ne-

961 1940 1040 1972 dum
1065 1942 1142 1982 regi
1163 1941 1248 1971 satis
1274 1939 1410 1979 decoro,
1437 1949 1464 1970 s.
1488 1949 1514 1970 c.
1532 1939 1572 1977 4,
1593 1939 1625 1970 1:

960 1985 1103 2016 vioedum
1119 2002 1163 2007 —
1178 1984 1322 2021 nedum‚·
1343 1984 1397 2023 40,
1419 1984 1470 2021 15,
1494 1983 1549 2014 14:
1567 1985 1627 2015 τίω

959 2048 1003 2052 ——
1033 2029 1220 2070 intellegere
1244 2031 1358 2072 potui,
1388 2028 1509 2060 nedum
1540 2031 1626 2060 satis

958 2076 1081 2112 sciam,
1115 2075 1215 2105 durch
1239 2085 1367 2116 quoque
1387 2074 1432 2105 ist
1459 2075 1539 2104 auch
1567 2074 1625 2105 das

962 2124 1052 2150 erste
1079 2118 1175 2150 Glied
1205 2119 1370 2159 gelioben,
1402 2129 1438 2149 so
1465 2119 1541 2149 (lass
1566 2129 1626 2150 ne-

960 2164 1055 2205 dum,
1083 2174 1178 2194 wenn
1204 2174 1275 2195 man
1301 2174 1335 2195 es
1360 2164 1449 2195 nicht
1473 2164 1545 2194 blos
1570 2163 1630 2195 aus

960 2209 1078 2241 decore
1096 2209 1177 2239 ohne
1196 2211 1255 2240 vice
1272 2210 1430 2240 beziehen
1449 2209 1534 2248 will,
1552 2208 1625 2240 auf-

960 2253 1113 2285 zufassen
1139 2254 1200 2284 ist:
1225 2265 1277 2285 um
1299 2255 1387 2285 nicht
1405 2264 1445 2284 zu
1464 2264 1563 2294 sagen
1581 2269 1626 2281 =

960 2300 1040 2330 noch
1060 2299 1219 2330 vielmehr
1233 2300 1417 2339 unwiirdig,
1433 2299 1513 2329 oder
1526 2299 1623 2330 auch:

959 2345 1057 2375 sehon
1077 2342 1294 2382 fiir—kanni,
1314 2345 1521 2385 geschweige
1540 2344 1624 2374 denu

958 2388 1021 2427 fiir,
1041 2390 1106 2428 vgl.
1123 2389 1176 2429 45,
1195 2389 1254 2429 29,
1274 2390 1308 2420 2:
1335 2400 1418 2432 quae
1438 2389 1489 2420 vel
1504 2389 1624 2427 socios,

958 2434 1079 2465 nedum
1106 2435 1213 2466 hostis
1236 2436 1356 2476 victos,
1390 2437 1516 2465 terrere
1545 2445 1624 2476 pos-

958 2482 1050 2518 sen&
1072 2479 1100 2518 7⁷
1119 2480 1172 2517 40,
1197 2479 1233 2511 3:
1257 2482 1355 2511 etiarn
1372 2489 1435 2522 pro
1451 2480 1564 2521 patria
1580 2497 1623 2501 —

958 2535 1010 2563 ne,
1030 2524 1108 2555 (lum
1133 2524 1296 2556 adversus
1319 2525 1470 2567 patriam
1488 2529 1551 2555 etc.
1571 2523 1624 2565 26,

959 2568 1012 2609 26,
1033 2569 1084 2600 11.
1103 2587 1147 2592 —
1168 2572 1366 2613 peffugerzt
1390 2570 1469 2600 nach
1488 2571 1625 2611 caperet

960 2624 987 2646 s.
1007 2624 1034 2645 c.
1056 2613 1105 2655 16,
1127 2615 1160 2653 13
1182 2615 1211 2655 8,
1231 2614 1284 2654 36,
1304 2615 1334 2646 ὃ.

998 2658 1125 2690 1546.
1137 2660 1371 2703 Apolloniatae
1385 2659 1447 2691 wie
1463 2658 1515 2700 33,
1526 2658 1622 2699 3,10;

1665 850 1704 882 10

1662 1136 1702 1168 15
