<?xml version="1.0" encoding="UTF-8"?>
<!DOCTYPE html PUBLIC "-//W3C//DTD XHTML 1.0 Transitional//EN"
    "http://www.w3.org/TR/xhtml1/DTD/xhtml1-transitional.dtd">
<html xmlns="http://www.w3.org/1999/xhtml" xml:lang="en" lang="en">
 <head>
  <title>
</title>
<meta http-equiv="Content-Type" content="text/html;charset=utf-8" />
  <meta name='ocr-system' content='tesseract 3.04.00' />
  <meta name='ocr-capabilities' content='ocr_page ocr_carea ocr_par ocr_line ocrx_word'/>
</head>
<body>
  <div class='ocr_page' id='page_1' title='image "./aburbeconditalib0506livyuoft_0648.png"; bbox 0 0 1784 2967; ppageno 0'>
   <div class='ocr_carea' id='block_1_1' title="bbox 165 798 218 836">
    <p class='ocr_par' dir='ltr' id='par_1_1' title="bbox 165 798 218 836">
     <span class='ocr_line' id='line_1_1' title="bbox 165 798 218 836; baseline -0.019 0"><span class='ocrx_word' id='word_1_1' title='bbox 165 798 218 836; x_wconf 88' lang='lat'>10</span> 
     </span>
    </p>
   </div>
   <div class='ocr_carea' id='block_1_2' title="bbox 250 241 330 280">
    <p class='ocr_par' dir='ltr' id='par_1_2' title="bbox 250 241 330 280">
     <span class='ocr_line' id='line_1_2' title="bbox 250 241 330 280; baseline 0 0"><span class='ocrx_word' id='word_1_2' title='bbox 250 241 330 280; x_wconf 74' lang='lat'>260</span> 
     </span>
    </p>
   </div>
   <div class='ocr_carea' id='block_1_3' title="bbox 648 235 1199 270">
    <p class='ocr_par' dir='ltr' id='par_1_3' title="bbox 648 235 1199 270">
     <span class='ocr_line' id='line_1_3' title="bbox 648 235 1199 270; baseline 0.004 -2"><span class='ocrx_word' id='word_1_3' title='bbox 648 237 772 269; x_wconf 87' lang='lat' dir='ltr'>LIBER</span> <span class='ocrx_word' id='word_1_4' title='bbox 797 235 926 269; x_wconf 85' lang='lat' dir='ltr'>XXIX.</span> <span class='ocrx_word' id='word_1_5' title='bbox 974 237 1068 270; x_wconf 87' lang='lat' dir='ltr'>CAP.</span> <span class='ocrx_word' id='word_1_6' title='bbox 1095 238 1126 270; x_wconf 87' lang='grc'>9.</span> <span class='ocrx_word' id='word_1_7' title='bbox 1148 237 1199 270; x_wconf 87' lang='grc'>10.</span> 
     </span>
    </p>
   </div>
   <div class='ocr_carea' id='block_1_4' title="bbox 1509 247 1657 274">
    <p class='ocr_par' dir='ltr' id='par_1_4' title="bbox 1509 247 1657 274">
     <span class='ocr_line' id='line_1_4' title="bbox 1509 247 1657 274; baseline 0.014 -2"><span class='ocrx_word' id='word_1_8' title='bbox 1509 254 1535 273; x_wconf 82' lang='lat' dir='ltr'>a.</span> <span class='ocrx_word' id='word_1_9' title='bbox 1551 255 1579 273; x_wconf 92' lang='lat' dir='ltr'>u.</span> <span class='ocrx_word' id='word_1_10' title='bbox 1593 247 1657 274; x_wconf 78' lang='lat'>549.</span> 
     </span>
    </p>
   </div>
   <div class='ocr_carea' id='block_1_5' title="bbox 246 339 1658 449">
    <p class='ocr_par' dir='ltr' id='par_1_5' title="bbox 246 339 1658 449">
     <span class='ocr_line' id='line_1_5' title="bbox 248 339 1656 390; baseline -0.001 -8"><span class='ocrx_word' id='word_1_11' title='bbox 248 344 486 381; x_wconf 76' lang='lat' dir='ltr'><em>atrocitatem</em></span> <span class='ocrx_word' id='word_1_12' title='bbox 507 340 589 379; x_wconf 89' lang='lat' dir='ltr'>eius</span> <span class='ocrx_word' id='word_1_13' title='bbox 612 339 793 390; x_wconf 89' lang='lat' dir='ltr'>patiendo</span> <span class='ocrx_word' id='word_1_14' title='bbox 816 340 1018 388; x_wconf 81' lang='lat' dir='ltr'>sensisset,</span> <span class='ocrx_word' id='word_1_15' title='bbox 1040 340 1219 379; x_wconf 87' lang='lat' dir='ltr'>tribunos</span> <span class='ocrx_word' id='word_1_16' title='bbox 1237 339 1385 379; x_wconf 83' lang='lat' dir='ltr'><strong>adtrahi</strong></span> <span class='ocrx_word' id='word_1_17' title='bbox 1407 340 1454 379; x_wconf 91' lang='lat' dir='ltr'>ad</span> <span class='ocrx_word' id='word_1_18' title='bbox 1470 353 1512 379; x_wconf 90' lang='lat' dir='ltr'>se</span> <span class='ocrx_word' id='word_1_19' title='bbox 1528 341 1656 388; x_wconf 87' lang='lat' dir='ltr'>iussit,</span> 
     </span>
     <span class='ocr_line' id='line_1_6' title="bbox 246 396 1658 449; baseline -0.001 -12"><span class='ocrx_word' id='word_1_20' title='bbox 246 399 510 447; x_wconf 83' lang='lat' dir='ltr'>laceratosque</span> <span class='ocrx_word' id='word_1_21' title='bbox 533 396 728 444; x_wconf 88' lang='lat' dir='ltr'>omnibus,</span> <span class='ocrx_word' id='word_1_22' title='bbox 750 409 845 448; x_wconf 91' lang='lat' dir='ltr'>quae</span> <span class='ocrx_word' id='word_1_23' title='bbox 872 397 952 448; x_wconf 87' lang='lat' dir='ltr'>pati</span> <span class='ocrx_word' id='word_1_24' title='bbox 980 410 1122 448; x_wconf 88' lang='lat' dir='ltr'>corpus</span> <span class='ocrx_word' id='word_1_25' title='bbox 1152 397 1274 436; x_wconf 87' lang='lat' dir='ltr'>ullum</span> <span class='ocrx_word' id='word_1_26' title='bbox 1297 401 1438 448; x_wconf 86' lang='lat' dir='ltr'>potest,</span> <span class='ocrx_word' id='word_1_27' title='bbox 1460 397 1658 449; x_wconf 73' lang='lat' dir='ltr'><em>suppliciis</em></span> 
     </span>
    </p>
   </div>
   <div class='ocr_carea' id='block_1_6' title="bbox 177 453 1656 504">
    <p class='ocr_par' dir='ltr' id='par_1_6' title="bbox 177 453 1656 504">
     <span class='ocr_line' id='line_1_7' title="bbox 177 453 1656 504; baseline -0.002 -9"><span class='ocrx_word' id='word_1_28' title='bbox 177 463 215 495; x_wconf 86' lang='lat'>11</span> <span class='ocrx_word' id='word_1_29' title='bbox 246 453 447 498; x_wconf 82' lang='lat' dir='ltr'>interfecit,</span> <span class='ocrx_word' id='word_1_30' title='bbox 471 465 543 491; x_wconf 90' lang='lat' dir='ltr'>nec</span> <span class='ocrx_word' id='word_1_31' title='bbox 564 453 725 492; x_wconf 84' lang='lat' dir='ltr'>satiatus</span> <span class='ocrx_word' id='word_1_32' title='bbox 752 454 923 492; x_wconf 88' lang='lat' dir='ltr'>vivorum</span> <span class='ocrx_word' id='word_1_33' title='bbox 946 466 1071 504; x_wconf 89' lang='lat' dir='ltr'>poena</span> <span class='ocrx_word' id='word_1_34' title='bbox 1092 454 1307 504; x_wconf 82' lang='lat' dir='ltr'>insepultos</span> <span class='ocrx_word' id='word_1_35' title='bbox 1330 453 1503 504; x_wconf 90' lang='lat' dir='ltr'>proiecit.</span> <span class='ocrx_word' id='word_1_36' title='bbox 1540 454 1656 493; x_wconf 86' lang='lat' dir='ltr'>simili</span> 
     </span>
    </p>
   </div>
   <div class='ocr_carea' id='block_1_7' title="bbox 246 509 1652 562">
    <p class='ocr_par' dir='ltr' id='par_1_7' title="bbox 246 509 1652 562">
     <span class='ocr_line' id='line_1_8' title="bbox 246 509 1652 562; baseline -0.001 -13"><span class='ocrx_word' id='word_1_37' title='bbox 246 510 469 549; x_wconf 82' lang='lat' dir='ltr'>crudelitate</span> <span class='ocrx_word' id='word_1_38' title='bbox 491 515 527 548; x_wconf 91' lang='lat' dir='ltr'>et</span> <span class='ocrx_word' id='word_1_39' title='bbox 547 510 585 548; x_wconf 90' lang='lat' dir='ltr'>in</span> <span class='ocrx_word' id='word_1_40' title='bbox 608 509 862 549; x_wconf 82' lang='lat' dir='ltr'>Locrensium</span> <span class='ocrx_word' id='word_1_41' title='bbox 880 511 1075 562; x_wconf 88' lang='lat' dir='ltr'>principes</span> <span class='ocrx_word' id='word_1_42' title='bbox 1097 516 1156 549; x_wconf 88' lang='lat' dir='ltr'>est</span> <span class='ocrx_word' id='word_1_43' title='bbox 1171 522 1279 555; x_wconf 80' lang='lat' dir='ltr'>usuS‚</span> <span class='ocrx_word' id='word_1_44' title='bbox 1302 522 1400 561; x_wconf 87' lang='lat' dir='ltr'>quos</span> <span class='ocrx_word' id='word_1_45' title='bbox 1418 510 1465 549; x_wconf 91' lang='lat' dir='ltr'>ad</span> <span class='ocrx_word' id='word_1_46' title='bbox 1482 522 1652 562; x_wconf 85' lang='lat' dir='ltr'>conque-</span> 
     </span>
    </p>
   </div>
   <div class='ocr_carea' id='block_1_8' title="bbox 176 566 1655 618">
    <p class='ocr_par' dir='ltr' id='par_1_8' title="bbox 176 566 1655 618">
     <span class='ocr_line' id='line_1_9' title="bbox 176 566 1655 618; baseline -0.001 -11"><span class='ocrx_word' id='word_1_47' title='bbox 176 576 215 607; x_wconf 86' lang='lat'>12</span> <span class='ocrx_word' id='word_1_48' title='bbox 244 567 384 606; x_wconf 85' lang='lat' dir='ltr'>rendas</span> <span class='ocrx_word' id='word_1_49' title='bbox 407 566 565 605; x_wconf 86' lang='lat' dir='ltr'>iniurias</span> <span class='ocrx_word' id='word_1_50' title='bbox 587 566 633 605; x_wconf 85' lang='lat' dir='ltr'>ad</span> <span class='ocrx_word' id='word_1_51' title='bbox 655 567 697 605; x_wconf 91' lang='lat' dir='ltr'>P.</span> <span class='ocrx_word' id='word_1_52' title='bbox 722 567 945 618; x_wconf 86' lang='lat' dir='ltr'>Scipionem</span> <span class='ocrx_word' id='word_1_53' title='bbox 968 567 1164 618; x_wconf 85' lang='lat' dir='ltr'>profectos</span> <span class='ocrx_word' id='word_1_54' title='bbox 1187 567 1346 614; x_wconf 72' lang='lat' dir='ltr'>audivit,</span> <span class='ocrx_word' id='word_1_55' title='bbox 1369 571 1407 605; x_wconf 88' lang='lat' dir='ltr'>et</span> <span class='ocrx_word' id='word_1_56' title='bbox 1427 579 1523 617; x_wconf 87' lang='lat' dir='ltr'>quae</span> <span class='ocrx_word' id='word_1_57' title='bbox 1544 572 1655 606; x_wconf 88' lang='lat' dir='ltr'>antea</span> 
     </span>
    </p>
   </div>
   <div class='ocr_carea' id='block_1_9' title="bbox 243 622 1656 731">
    <p class='ocr_par' dir='ltr' id='par_1_9' title="bbox 243 622 1656 731">
     <span class='ocr_line' id='line_1_10' title="bbox 245 622 1653 674; baseline 0.001 -13"><span class='ocrx_word' id='word_1_58' title='bbox 245 635 314 673; x_wconf 84' lang='lat' dir='ltr'>per</span> <span class='ocrx_word' id='word_1_59' title='bbox 334 622 545 661; x_wconf 84' lang='lat' dir='ltr'>lubidinem</span> <span class='ocrx_word' id='word_1_60' title='bbox 567 628 681 673; x_wconf 88' lang='lat' dir='ltr'>atque</span> <span class='ocrx_word' id='word_1_61' title='bbox 703 624 898 662; x_wconf 84' lang='lat' dir='ltr'>avaritiam</span> <span class='ocrx_word' id='word_1_62' title='bbox 919 623 1034 662; x_wconf 86' lang='lat' dir='ltr'>foeda</span> <span class='ocrx_word' id='word_1_63' title='bbox 1055 623 1228 674; x_wconf 86' lang='lat' dir='ltr'>exempla</span> <span class='ocrx_word' id='word_1_64' title='bbox 1259 623 1298 662; x_wconf 89' lang='lat' dir='ltr'>in</span> <span class='ocrx_word' id='word_1_65' title='bbox 1320 623 1450 662; x_wconf 85' lang='lat' dir='ltr'>socios</span> <span class='ocrx_word' id='word_1_66' title='bbox 1472 623 1653 669; x_wconf 82' lang='lat' dir='ltr'>ediderat,</span> 
     </span>
     <span class='ocr_line' id='line_1_11' title="bbox 243 679 1656 731; baseline 0 -13"><span class='ocrx_word' id='word_1_67' title='bbox 243 685 337 718; x_wconf 86' lang='lat' dir='ltr'>tunc</span> <span class='ocrx_word' id='word_1_68' title='bbox 368 679 413 718; x_wconf 84' lang='lat' dir='ltr'>ab</span> <span class='ocrx_word' id='word_1_69' title='bbox 437 679 492 718; x_wconf 86' lang='lat' dir='ltr'>ira</span> <span class='ocrx_word' id='word_1_70' title='bbox 520 679 742 730; x_wconf 79' lang='lat' dir='ltr'>multiplicia</span> <span class='ocrx_word' id='word_1_71' title='bbox 772 680 904 726; x_wconf 90' lang='lat' dir='ltr'>edere,</span> <span class='ocrx_word' id='word_1_72' title='bbox 945 679 1125 719; x_wconf 81' lang='lat' dir='ltr'>infamiae</span> <span class='ocrx_word' id='word_1_73' title='bbox 1152 686 1265 731; x_wconf 88' lang='lat' dir='ltr'>atque</span> <span class='ocrx_word' id='word_1_74' title='bbox 1295 679 1458 718; x_wconf 89' lang='lat' dir='ltr'>invidiae</span> <span class='ocrx_word' id='word_1_75' title='bbox 1479 691 1559 718; x_wconf 89' lang='lat' dir='ltr'>non</span> <span class='ocrx_word' id='word_1_76' title='bbox 1581 679 1656 719; x_wconf 89' lang='lat' dir='ltr'>sibi</span> 
     </span>
    </p>
   </div>
   <div class='ocr_carea' id='block_1_10' title="bbox 243 736 956 786">
    <p class='ocr_par' dir='ltr' id='par_1_10' title="bbox 243 736 956 786">
     <span class='ocr_line' id='line_1_12' title="bbox 243 736 956 786; baseline 0 -12"><span class='ocrx_word' id='word_1_77' title='bbox 243 736 362 774; x_wconf 90' lang='lat' dir='ltr'>modo</span> <span class='ocrx_word' id='word_1_78' title='bbox 385 736 453 774; x_wconf 89' lang='lat' dir='ltr'>sed</span> <span class='ocrx_word' id='word_1_79' title='bbox 475 736 589 774; x_wconf 87' lang='lat' dir='ltr'>etiam</span> <span class='ocrx_word' id='word_1_80' title='bbox 612 736 838 786; x_wconf 87' lang='lat' dir='ltr'>imperatori</span> <span class='ocrx_word' id='word_1_81' title='bbox 859 748 956 774; x_wconf 89' lang='lat' dir='ltr'>esse.</span> 
     </span>
    </p>
   </div>
   <div class='ocr_carea' id='block_1_11' title="bbox 195 792 1657 1238">
    <p class='ocr_par' dir='ltr' id='par_1_11' title="bbox 195 792 1657 1238">
     <span class='ocr_line' id='line_1_13' title="bbox 358 792 1653 843; baseline 0.001 -13"><span class='ocrx_word' id='word_1_82' title='bbox 358 792 439 831; x_wconf 91' lang='lat' dir='ltr'>Iam</span> <span class='ocrx_word' id='word_1_83' title='bbox 464 792 714 831; x_wconf 88' lang='lat' dir='ltr'>comitiorum</span> <span class='ocrx_word' id='word_1_84' title='bbox 735 792 937 843; x_wconf 88' lang='lat' dir='ltr'>adpetebat</span> <span class='ocrx_word' id='word_1_85' title='bbox 956 797 1126 843; x_wconf 85' lang='lat' dir='ltr'>tempus,</span> <span class='ocrx_word' id='word_1_86' title='bbox 1149 805 1238 832; x_wconf 88' lang='lat' dir='ltr'>cum</span> <span class='ocrx_word' id='word_1_87' title='bbox 1259 793 1301 831; x_wconf 90' lang='lat' dir='ltr'>P.</span> <span class='ocrx_word' id='word_1_88' title='bbox 1324 792 1459 831; x_wconf 89' lang='lat' dir='ltr'>Licinii</span> <span class='ocrx_word' id='word_1_89' title='bbox 1481 792 1653 831; x_wconf 89' lang='lat' dir='ltr'>consulis</span> 
     </span>
     <span class='ocr_line' id='line_1_14' title="bbox 242 848 1654 900; baseline -0.001 -12"><span class='ocrx_word' id='word_1_90' title='bbox 242 849 388 888; x_wconf 85' lang='lat' dir='ltr'>litterae</span> <span class='ocrx_word' id='word_1_91' title='bbox 410 849 577 887; x_wconf 86' lang='lat' dir='ltr'>Romam</span> <span class='ocrx_word' id='word_1_92' title='bbox 599 849 759 896; x_wconf 84' lang='lat' dir='ltr'>adlatae,</span> <span class='ocrx_word' id='word_1_93' title='bbox 787 862 828 887; x_wconf 88' lang='lat' dir='ltr'>se</span> <span class='ocrx_word' id='word_1_94' title='bbox 849 848 1135 900; x_wconf 81' lang='lat' dir='ltr'>exercitumque</span> <span class='ocrx_word' id='word_1_95' title='bbox 1156 862 1272 888; x_wconf 90' lang='lat' dir='ltr'>suum</span> <span class='ocrx_word' id='word_1_96' title='bbox 1294 849 1397 899; x_wconf 86' lang='lat' dir='ltr'>gravi</span> <span class='ocrx_word' id='word_1_97' title='bbox 1420 849 1560 888; x_wconf 89' lang='lat' dir='ltr'>morbo</span> <span class='ocrx_word' id='word_1_98' title='bbox 1584 849 1654 888; x_wconf 89' lang='lat' dir='ltr'>ad-</span> 
     </span>
     <span class='ocr_line' id='line_1_15' title="bbox 242 905 1655 956; baseline 0 -12"><span class='ocrx_word' id='word_1_99' title='bbox 242 905 387 951; x_wconf 85' lang='lat' dir='ltr'>fectari,</span> <span class='ocrx_word' id='word_1_100' title='bbox 406 917 478 944; x_wconf 91' lang='lat' dir='ltr'>nec</span> <span class='ocrx_word' id='word_1_101' title='bbox 499 905 583 944; x_wconf 81' lang='lat' dir='ltr'>sisti</span> <span class='ocrx_word' id='word_1_102' title='bbox 604 905 793 956; x_wconf 86' lang='lat' dir='ltr'>potuisse,</span> <span class='ocrx_word' id='word_1_103' title='bbox 816 905 856 944; x_wconf 90' lang='lat' dir='ltr'>ni</span> <span class='ocrx_word' id='word_1_104' title='bbox 879 905 1011 944; x_wconf 87' lang='lat' dir='ltr'>eadem</span> <span class='ocrx_word' id='word_1_105' title='bbox 1033 905 1089 944; x_wconf 88' lang='lat' dir='ltr'>vis</span> <span class='ocrx_word' id='word_1_106' title='bbox 1112 906 1201 944; x_wconf 87' lang='lat' dir='ltr'>mali</span> <span class='ocrx_word' id='word_1_107' title='bbox 1223 911 1290 944; x_wconf 90' lang='lat' dir='ltr'>aut</span> <span class='ocrx_word' id='word_1_108' title='bbox 1305 905 1458 956; x_wconf 79' lang='lat' dir='ltr'>gravior</span> <span class='ocrx_word' id='word_1_109' title='bbox 1478 906 1593 944; x_wconf 86' lang='lat' dir='ltr'>etiam</span> <span class='ocrx_word' id='word_1_110' title='bbox 1616 906 1655 944; x_wconf 89' lang='lat' dir='ltr'>in</span> 
     </span>
     <span class='ocr_line' id='line_1_16' title="bbox 195 961 1656 1013; baseline -0.001 -12"><span class='ocrx_word' id='word_1_111' title='bbox 195 975 214 1007; x_wconf 91' lang='lat'>2</span> <span class='ocrx_word' id='word_1_112' title='bbox 244 962 369 1001; x_wconf 82' lang='lat' dir='ltr'>hostis</span> <span class='ocrx_word' id='word_1_113' title='bbox 392 962 617 1012; x_wconf 83' lang='lat' dir='ltr'>ingruisset:</span> <span class='ocrx_word' id='word_1_114' title='bbox 658 962 808 1013; x_wconf 86' lang='lat' dir='ltr'>itaque,</span> <span class='ocrx_word' id='word_1_115' title='bbox 851 961 1035 1012; x_wconf 85' lang='lat' dir='ltr'>quoniam</span> <span class='ocrx_word' id='word_1_116' title='bbox 1064 962 1148 1013; x_wconf 87' lang='lat' dir='ltr'>ipse</span> <span class='ocrx_word' id='word_1_117' title='bbox 1175 962 1304 1000; x_wconf 85' lang='lat' dir='ltr'>venire</span> <span class='ocrx_word' id='word_1_118' title='bbox 1330 963 1380 1000; x_wconf 79' lang='lat' dir='ltr'>ad</span> <span class='ocrx_word' id='word_1_119' title='bbox 1400 962 1553 1000; x_wconf 83' lang='lat' dir='ltr'>comitia</span> <span class='ocrx_word' id='word_1_120' title='bbox 1574 974 1656 1000; x_wconf 91' lang='lat' dir='ltr'>non</span> 
     </span>
     <span class='ocr_line' id='line_1_17' title="bbox 244 1017 1656 1069; baseline -0.001 -12"><span class='ocrx_word' id='word_1_121' title='bbox 244 1026 390 1069; x_wconf 83' lang='lat' dir='ltr'>posset,</span> <span class='ocrx_word' id='word_1_122' title='bbox 413 1020 445 1056; x_wconf 86' lang='lat' dir='ltr'>si</span> <span class='ocrx_word' id='word_1_123' title='bbox 463 1019 511 1057; x_wconf 88' lang='lat' dir='ltr'>ita</span> <span class='ocrx_word' id='word_1_124' title='bbox 534 1018 706 1069; x_wconf 81' lang='lat' dir='ltr'>patribus</span> <span class='ocrx_word' id='word_1_125' title='bbox 728 1019 934 1065; x_wconf 86' lang='lat' dir='ltr'>videretur,</span> <span class='ocrx_word' id='word_1_126' title='bbox 958 1031 999 1057; x_wconf 89' lang='lat' dir='ltr'>se</span> <span class='ocrx_word' id='word_1_127' title='bbox 1020 1018 1065 1065; x_wconf 86' lang='lat' dir='ltr'>Q.</span> <span class='ocrx_word' id='word_1_128' title='bbox 1088 1017 1293 1057; x_wconf 84' lang='lat' dir='ltr'>Caecilium</span> <span class='ocrx_word' id='word_1_129' title='bbox 1315 1018 1508 1057; x_wconf 86' lang='lat' dir='ltr'>Metellum</span> <span class='ocrx_word' id='word_1_130' title='bbox 1535 1019 1656 1056; x_wconf 84' lang='lat' dir='ltr'>dicta-</span> 
     </span>
     <span class='ocr_line' id='line_1_18' title="bbox 242 1074 1657 1121; baseline -0.001 -8"><span class='ocrx_word' id='word_1_131' title='bbox 242 1081 371 1114; x_wconf 85' lang='lat' dir='ltr'>torem</span> <span class='ocrx_word' id='word_1_132' title='bbox 394 1075 644 1113; x_wconf 82' lang='lat' dir='ltr'>comitiorum</span> <span class='ocrx_word' id='word_1_133' title='bbox 668 1088 782 1114; x_wconf 85' lang='lat' dir='ltr'>causa</span> <span class='ocrx_word' id='word_1_134' title='bbox 804 1075 1017 1121; x_wconf 80' lang='lat' dir='ltr'>dicturum3</span> <span class='ocrx_word' id='word_1_135' title='bbox 1058 1075 1267 1113; x_wconf 84' lang='lat' dir='ltr'>exercitum</span> <span class='ocrx_word' id='word_1_136' title='bbox 1291 1075 1336 1121; x_wconf 89' lang='lat' dir='ltr'>Q.</span> <span class='ocrx_word' id='word_1_137' title='bbox 1360 1074 1494 1113; x_wconf 81' lang='lat' dir='ltr'>Caecili</span> <span class='ocrx_word' id='word_1_138' title='bbox 1517 1074 1657 1113; x_wconf 87' lang='lat' dir='ltr'>dimitti</span> 
     </span>
     <span class='ocr_line' id='line_1_19' title="bbox 195 1131 1655 1183; baseline -0.001 -13"><span class='ocrx_word' id='word_1_139' title='bbox 195 1146 215 1178; x_wconf 89' lang='lat'><strong>3</strong></span> <span class='ocrx_word' id='word_1_140' title='bbox 245 1145 264 1170; x_wconf 88' lang='lat' dir='ltr'>e</span> <span class='ocrx_word' id='word_1_141' title='bbox 290 1144 332 1170; x_wconf 89' lang='lat' dir='ltr'>re</span> <span class='ocrx_word' id='word_1_142' title='bbox 359 1132 509 1183; x_wconf 86' lang='lat' dir='ltr'>publica</span> <span class='ocrx_word' id='word_1_143' title='bbox 543 1145 649 1178; x_wconf 79' lang='lat' dir='ltr'>esse,</span> <span class='ocrx_word' id='word_1_144' title='bbox 691 1144 780 1170; x_wconf 88' lang='lat' dir='ltr'>nam</span> <span class='ocrx_word' id='word_1_145' title='bbox 818 1143 944 1182; x_wconf 87' lang='lat' dir='ltr'>neque</span> <span class='ocrx_word' id='word_1_146' title='bbox 972 1143 1090 1170; x_wconf 87' lang='lat' dir='ltr'>usum</span> <span class='ocrx_word' id='word_1_147' title='bbox 1119 1132 1200 1170; x_wconf 90' lang='lat' dir='ltr'>eius</span> <span class='ocrx_word' id='word_1_148' title='bbox 1228 1131 1348 1169; x_wconf 85' lang='lat' dir='ltr'>ullum</span> <span class='ocrx_word' id='word_1_149' title='bbox 1379 1131 1417 1169; x_wconf 91' lang='lat' dir='ltr'>in</span> <span class='ocrx_word' id='word_1_150' title='bbox 1439 1132 1655 1182; x_wconf 85' lang='lat' dir='ltr'>praesentia</span> 
     </span>
     <span class='ocr_line' id='line_1_20' title="bbox 244 1187 1654 1238; baseline 0 -12"><span class='ocrx_word' id='word_1_151' title='bbox 244 1200 346 1235; x_wconf 83' lang='lat' dir='ltr'>esse,</span> <span class='ocrx_word' id='word_1_152' title='bbox 383 1200 471 1227; x_wconf 87' lang='lat' dir='ltr'>cum</span> <span class='ocrx_word' id='word_1_153' title='bbox 494 1188 684 1227; x_wconf 85' lang='lat' dir='ltr'>Hannibal</span> <span class='ocrx_word' id='word_1_154' title='bbox 704 1189 781 1227; x_wconf 82' lang='lat' dir='ltr'>iam</span> <span class='ocrx_word' id='word_1_155' title='bbox 803 1189 841 1227; x_wconf 94' lang='lat' dir='ltr'>in</span> <span class='ocrx_word' id='word_1_156' title='bbox 862 1188 1023 1227; x_wconf 84' lang='lat' dir='ltr'>hiberna</span> <span class='ocrx_word' id='word_1_157' title='bbox 1045 1200 1140 1227; x_wconf 88' lang='lat' dir='ltr'>suos</span> <span class='ocrx_word' id='word_1_158' title='bbox 1162 1187 1369 1238; x_wconf 77' lang='lat' dir='ltr'>receperit,</span> <span class='ocrx_word' id='word_1_159' title='bbox 1410 1192 1446 1226; x_wconf 90' lang='lat' dir='ltr'>et</span> <span class='ocrx_word' id='word_1_160' title='bbox 1466 1192 1572 1226; x_wconf 83' lang='lat' dir='ltr'>tanta</span> <span class='ocrx_word' id='word_1_161' title='bbox 1594 1187 1654 1226; x_wconf 90' lang='lat' dir='ltr'>in-</span> 
     </span>
    </p>
   </div>
   <div class='ocr_carea' id='block_1_12' title="bbox 227 1311 917 2109">
    <p class='ocr_par' dir='ltr' id='par_1_12' title="bbox 227 1311 917 2109">
     <span class='ocr_line' id='line_1_21' title="bbox 245 1311 914 1352; baseline 0 -10"><span class='ocrx_word' id='word_1_162' title='bbox 245 1323 308 1343; x_wconf 84' lang='lat' dir='ltr'>von</span> <span class='ocrx_word' id='word_1_163' title='bbox 343 1312 436 1342; x_wconf 84' lang='lat' dir='ltr'>einer</span> <span class='ocrx_word' id='word_1_164' title='bbox 465 1312 674 1343; x_wconf 84' lang='lat' dir='ltr'>criminellen</span> <span class='ocrx_word' id='word_1_165' title='bbox 704 1311 914 1352; x_wconf 82' lang='lat' dir='ltr'>Verletzung</span> 
     </span>
     <span class='ocr_line' id='line_1_22' title="bbox 244 1356 914 1393; baseline -0.001 -5"><span class='ocrx_word' id='word_1_166' title='bbox 244 1358 295 1388; x_wconf 87' lang='lat' dir='ltr'>die</span> <span class='ocrx_word' id='word_1_167' title='bbox 314 1356 402 1388; x_wconf 81' lang='lat' dir='ltr'>Rede</span> <span class='ocrx_word' id='word_1_168' title='bbox 422 1357 480 1393; x_wconf 85' lang='lat' dir='ltr'>ist,</span> <span class='ocrx_word' id='word_1_169' title='bbox 511 1357 594 1388; x_wconf 80' lang='lat' dir='ltr'>wird</span> <span class='ocrx_word' id='word_1_170' title='bbox 613 1357 676 1388; x_wconf 87' lang='lat' dir='ltr'>wol</span> <span class='ocrx_word' id='word_1_171' title='bbox 695 1357 857 1388; x_wconf 69' lang='lat' dir='ltr'>zuniichst</span> <span class='ocrx_word' id='word_1_172' title='bbox 873 1366 914 1387; x_wconf 88' lang='lat' dir='ltr'>an</span> 
     </span>
     <span class='ocr_line' id='line_1_23' title="bbox 244 1401 914 1441; baseline -0.001 -8"><span class='ocrx_word' id='word_1_173' title='bbox 244 1403 296 1433; x_wconf 86' lang='lat' dir='ltr'>die</span> <span class='ocrx_word' id='word_1_174' title='bbox 313 1401 381 1433; x_wconf 76' lang='lat' dir='ltr'>litis</span> <span class='ocrx_word' id='word_1_175' title='bbox 403 1404 596 1434; x_wconf 77' lang='lat' dir='ltr'>aestimatio</span> <span class='ocrx_word' id='word_1_176' title='bbox 621 1403 777 1441; x_wconf 84' lang='lat' dir='ltr'>gedacht,</span> <span class='ocrx_word' id='word_1_177' title='bbox 812 1402 914 1432; x_wconf 82' lang='lat' dir='ltr'>durch</span> 
     </span>
     <span class='ocr_line' id='line_1_24' title="bbox 243 1446 914 1487; baseline 0 -10"><span class='ocrx_word' id='word_1_178' title='bbox 243 1447 371 1478; x_wconf 80' lang='lat' dir='ltr'>welche</span> <span class='ocrx_word' id='word_1_179' title='bbox 396 1447 476 1478; x_wconf 84' lang='lat' dir='ltr'>nach</span> <span class='ocrx_word' id='word_1_180' title='bbox 500 1448 560 1478; x_wconf 86' lang='lat' dir='ltr'>der</span> <span class='ocrx_word' id='word_1_181' title='bbox 577 1446 839 1487; x_wconf 84' lang='lat' dir='ltr'>Verurtheilung</span> <span class='ocrx_word' id='word_1_182' title='bbox 856 1447 914 1477; x_wconf 92' lang='lat' dir='ltr'>des</span> 
     </span>
     <span class='ocr_line' id='line_1_25' title="bbox 227 1492 911 1531; baseline 0 -9"><span class='ocrx_word' id='word_1_183' title='bbox 227 1492 425 1531; x_wconf 63' lang='lat' dir='ltr'>&#39;Beklagten</span> <span class='ocrx_word' id='word_1_184' title='bbox 443 1502 506 1523; x_wconf 89' lang='lat' dir='ltr'>von</span> <span class='ocrx_word' id='word_1_185' title='bbox 523 1493 584 1523; x_wconf 86' lang='lat' dir='ltr'>deu</span> <span class='ocrx_word' id='word_1_186' title='bbox 599 1492 766 1529; x_wconf 83' lang='lat' dir='ltr'>Richtern,</span> <span class='ocrx_word' id='word_1_187' title='bbox 786 1493 838 1522; x_wconf 89' lang='lat' dir='ltr'>die</span> <span class='ocrx_word' id='word_1_188' title='bbox 853 1492 911 1522; x_wconf 87' lang='lat' dir='ltr'>das</span> 
     </span>
     <span class='ocr_line' id='line_1_26' title="bbox 242 1536 911 1578; baseline -0.001 -10"><span class='ocrx_word' id='word_1_189' title='bbox 242 1536 372 1569; x_wconf 78' lang='lat' dir='ltr'>Urtheil</span> <span class='ocrx_word' id='word_1_190' title='bbox 386 1537 591 1578; x_wconf 82' lang='lat' dir='ltr'>gesprochen</span> <span class='ocrx_word' id='word_1_191' title='bbox 606 1538 729 1576; x_wconf 81' lang='lat' dir='ltr'>hatten,</span> <span class='ocrx_word' id='word_1_192' title='bbox 749 1537 801 1568; x_wconf 86' lang='lat' dir='ltr'>die</span> <span class='ocrx_word' id='word_1_193' title='bbox 816 1537 911 1567; x_wconf 90' lang='lat' dir='ltr'>Sum-</span> 
     </span>
     <span class='ocr_line' id='line_1_27' title="bbox 242 1581 912 1621; baseline -0.001 -8"><span class='ocrx_word' id='word_1_194' title='bbox 242 1592 292 1613; x_wconf 87' lang='lat' dir='ltr'>me</span> <span class='ocrx_word' id='word_1_195' title='bbox 308 1581 474 1613; x_wconf 83' lang='lat' dir='ltr'>bestiinmt</span> <span class='ocrx_word' id='word_1_196' title='bbox 487 1583 611 1621; x_wconf 84' lang='lat' dir='ltr'>wurde,</span> <span class='ocrx_word' id='word_1_197' title='bbox 630 1582 755 1613; x_wconf 84' lang='lat' dir='ltr'>welche</span> <span class='ocrx_word' id='word_1_198' title='bbox 770 1583 829 1612; x_wconf 87' lang='lat' dir='ltr'>der</span> <span class='ocrx_word' id='word_1_199' title='bbox 843 1582 912 1612; x_wconf 85' lang='lat' dir='ltr'>An-</span> 
     </span>
     <span class='ocr_line' id='line_1_28' title="bbox 241 1626 912 1667; baseline -0.001 -9"><span class='ocrx_word' id='word_1_200' title='bbox 241 1626 396 1667; x_wconf 79' lang='lat' dir='ltr'>geklagte</span> <span class='ocrx_word' id='word_1_201' title='bbox 420 1627 470 1658; x_wconf 85' lang='lat' dir='ltr'>als</span> <span class='ocrx_word' id='word_1_202' title='bbox 488 1627 752 1658; x_wconf 83' lang='lat' dir='ltr'>Schadenersatz</span> <span class='ocrx_word' id='word_1_203' title='bbox 775 1627 912 1667; x_wconf 84' lang='lat' dir='ltr'>erlegen</span> 
     </span>
     <span class='ocr_line' id='line_1_29' title="bbox 242 1672 912 1714; baseline 0.001 -12"><span class='ocrx_word' id='word_1_204' title='bbox 242 1672 353 1711; x_wconf 83' lang='lat' dir='ltr'>sollte,</span> <span class='ocrx_word' id='word_1_205' title='bbox 373 1672 439 1711; x_wconf 87' lang='lat' dir='ltr'>vgl.</span> <span class='ocrx_word' id='word_1_206' title='bbox 454 1672 506 1712; x_wconf 75' lang='lat'>28,</span> <span class='ocrx_word' id='word_1_207' title='bbox 521 1672 575 1711; x_wconf 87' lang='lat'>31,</span> <span class='ocrx_word' id='word_1_208' title='bbox 592 1672 622 1703; x_wconf 82' lang='lat'>6.</span> <span class='ocrx_word' id='word_1_209' title='bbox 634 1683 737 1714; x_wconf 80' lang='lat' dir='ltr'>posse</span> <span class='ocrx_word' id='word_1_210' title='bbox 749 1690 794 1694; x_wconf 93' lang='lat'><strong>—</strong></span> <span class='ocrx_word' id='word_1_211' title='bbox 807 1675 912 1703; x_wconf 68' lang='lat' dir='ltr'>acmo.</span> 
     </span>
     <span class='ocr_line' id='line_1_30' title="bbox 244 1716 912 1755; baseline 0.001 -8"><span class='ocrx_word' id='word_1_212' title='bbox 244 1716 351 1748; x_wconf 82' lang='lat' dir='ltr'>fehlen</span> <span class='ocrx_word' id='word_1_213' title='bbox 370 1717 400 1748; x_wconf 89' lang='lat' dir='ltr'>in</span> <span class='ocrx_word' id='word_1_214' title='bbox 420 1718 481 1748; x_wconf 85' lang='lat' dir='ltr'>den</span> <span class='ocrx_word' id='word_1_215' title='bbox 501 1717 617 1748; x_wconf 87' lang='lat' dir='ltr'>besten</span> <span class='ocrx_word' id='word_1_216' title='bbox 637 1717 730 1755; x_wconf 88' lang='lat' dir='ltr'>Hss.;</span> <span class='ocrx_word' id='word_1_217' title='bbox 750 1727 845 1748; x_wconf 89' lang='lat' dir='ltr'>wenn</span> <span class='ocrx_word' id='word_1_218' title='bbox 864 1717 912 1748; x_wconf 81' lang='lat' dir='ltr'>sie</span> 
     </span>
     <span class='ocr_line' id='line_1_31' title="bbox 246 1760 914 1801; baseline 0 -9"><span class='ocrx_word' id='word_1_219' title='bbox 246 1762 365 1801; x_wconf 79' lang='lat' dir='ltr'>richtig</span> <span class='ocrx_word' id='word_1_220' title='bbox 381 1763 521 1801; x_wconf 69' lang='lat' dir='ltr'>ergiinzt</span> <span class='ocrx_word' id='word_1_221' title='bbox 539 1763 628 1801; x_wconf 86' lang='lat' dir='ltr'>sind,</span> <span class='ocrx_word' id='word_1_222' title='bbox 652 1763 696 1793; x_wconf 80' lang='lat' dir='ltr'>ist</span> <span class='ocrx_word' id='word_1_223' title='bbox 714 1764 786 1794; x_wconf 76' lang='lat' dir='ltr'>eius</span> <span class='ocrx_word' id='word_1_224' title='bbox 804 1760 863 1792; x_wconf 83' lang='lat' dir='ltr'>auf</span> <span class='ocrx_word' id='word_1_225' title='bbox 877 1761 914 1793; x_wconf 80' lang='lat' dir='ltr'>Ii-</span> 
     </span>
     <span class='ocr_line' id='line_1_32' title="bbox 245 1806 914 1847; baseline 0 -9"><span class='ocrx_word' id='word_1_226' title='bbox 245 1810 312 1838; x_wconf 72' lang='lat' dir='ltr'>tem</span> <span class='ocrx_word' id='word_1_227' title='bbox 330 1807 359 1837; x_wconf 93' lang='lat' dir='ltr'>in</span> <span class='ocrx_word' id='word_1_228' title='bbox 380 1808 439 1838; x_wconf 85' lang='lat' dir='ltr'>der</span> <span class='ocrx_word' id='word_1_229' title='bbox 458 1807 664 1847; x_wconf 83' lang='lat' dir='ltr'>Bedeutung:</span> <span class='ocrx_word' id='word_1_230' title='bbox 683 1806 914 1847; x_wconf 85' lang='lat' dir='ltr'>Streitobject,</span> 
     </span>
     <span class='ocr_line' id='line_1_33' title="bbox 245 1851 913 1892; baseline 0.001 -10"><span class='ocrx_word' id='word_1_231' title='bbox 245 1851 459 1892; x_wconf 76' lang='lat' dir='ltr'>Gegenstand</span> <span class='ocrx_word' id='word_1_232' title='bbox 483 1853 541 1884; x_wconf 82' lang='lat' dir='ltr'>des</span> <span class='ocrx_word' id='word_1_233' title='bbox 565 1853 726 1892; x_wconf 85' lang='lat' dir='ltr'>Streites,</span> <span class='ocrx_word' id='word_1_234' title='bbox 760 1853 833 1883; x_wconf 82' lang='lat' dir='ltr'>hier</span> <span class='ocrx_word' id='word_1_235' title='bbox 861 1852 913 1883; x_wconf 87' lang='lat' dir='ltr'>die</span> 
     </span>
     <span class='ocr_line' id='line_1_34' title="bbox 244 1896 914 1938; baseline 0.001 -11"><span class='ocrx_word' id='word_1_236' title='bbox 244 1897 512 1938; x_wconf 83' lang='lat' dir='ltr'>Misshandlung,</span> <span class='ocrx_word' id='word_1_237' title='bbox 544 1908 585 1928; x_wconf 84' lang='lat' dir='ltr'>zu</span> <span class='ocrx_word' id='word_1_238' title='bbox 604 1898 774 1928; x_wconf 86' lang='lat' dir='ltr'>beziehen.</span> <span class='ocrx_word' id='word_1_239' title='bbox 793 1915 834 1919; x_wconf 91' lang='lat'><strong>—</strong></span> <span class='ocrx_word' id='word_1_240' title='bbox 852 1896 914 1928; x_wconf 82' lang='lat' dir='ltr'>ad-</span> 
     </span>
     <span class='ocr_line' id='line_1_35' title="bbox 244 1942 914 1983; baseline -0.001 -9"><span class='ocrx_word' id='word_1_241' title='bbox 244 1943 345 1983; x_wconf 62' lang='lat' dir='ltr'>trahi,</span> <span class='ocrx_word' id='word_1_242' title='bbox 364 1953 394 1973; x_wconf 87' lang='lat' dir='ltr'>n.</span> <span class='ocrx_word' id='word_1_243' title='bbox 412 1953 474 1973; x_wconf 81' lang='lat' dir='ltr'>vor</span> <span class='ocrx_word' id='word_1_244' title='bbox 491 1943 560 1973; x_wconf 89' lang='lat' dir='ltr'>sein</span> <span class='ocrx_word' id='word_1_245' title='bbox 576 1942 748 1974; x_wconf 85' lang='lat' dir='ltr'>Tribunal.</span> <span class='ocrx_word' id='word_1_246' title='bbox 766 1960 811 1965; x_wconf 87' lang='lat'>——</span> <span class='ocrx_word' id='word_1_247' title='bbox 826 1942 914 1974; x_wconf 80' lang='lat' dir='ltr'>lace-</span> 
     </span>
     <span class='ocr_line' id='line_1_36' title="bbox 244 1987 913 2030; baseline -0.001 -11"><span class='ocrx_word' id='word_1_248' title='bbox 244 1990 352 2028; x_wconf 76' lang='lat' dir='ltr'>ratos,</span> <span class='ocrx_word' id='word_1_249' title='bbox 381 1988 448 2027; x_wconf 85' lang='lat' dir='ltr'>vgl.</span> <span class='ocrx_word' id='word_1_250' title='bbox 469 1998 496 2018; x_wconf 90' lang='lat' dir='ltr'>c.</span> <span class='ocrx_word' id='word_1_251' title='bbox 519 1988 569 2027; x_wconf 83' lang='lat'>18,</span> <span class='ocrx_word' id='word_1_252' title='bbox 590 1987 641 2018; x_wconf 86' lang='lat'>14.</span> <span class='ocrx_word' id='word_1_253' title='bbox 660 2006 705 2011; x_wconf 91' lang='lat'><strong>—</strong></span> <span class='ocrx_word' id='word_1_254' title='bbox 721 1989 830 2029; x_wconf 73' lang='lat' dir='ltr'>insep.</span> <span class='ocrx_word' id='word_1_255' title='bbox 847 1997 913 2030; x_wconf 83' lang='lat' dir='ltr'>pr.,</span> 
     </span>
     <span class='ocr_line' id='line_1_37' title="bbox 243 2031 917 2073; baseline 0 -10"><span class='ocrx_word' id='word_1_256' title='bbox 243 2042 270 2063; x_wconf 87' lang='lat' dir='ltr'>s.</span> <span class='ocrx_word' id='word_1_257' title='bbox 299 2032 326 2071; x_wconf 90' lang='lat'>1,</span> <span class='ocrx_word' id='word_1_258' title='bbox 351 2032 405 2071; x_wconf 74' lang='lat'>49,</span> <span class='ocrx_word' id='word_1_259' title='bbox 434 2032 467 2069; x_wconf 82' lang='lat'>13</span> <span class='ocrx_word' id='word_1_260' title='bbox 502 2031 580 2063; x_wconf 80' lang='lat' dir='ltr'>Tae.</span> <span class='ocrx_word' id='word_1_261' title='bbox 599 2033 684 2064; x_wconf 88' lang='lat' dir='ltr'>Ann.</span> <span class='ocrx_word' id='word_1_262' title='bbox 713 2033 741 2073; x_wconf 92' lang='lat'>1,</span> <span class='ocrx_word' id='word_1_263' title='bbox 767 2032 825 2063; x_wconf 87' lang='lat'>22:</span> <span class='ocrx_word' id='word_1_264' title='bbox 858 2033 917 2064; x_wconf 81' lang='lat' dir='ltr'>ubi</span> 
     </span>
     <span class='ocr_line' id='line_1_38' title="bbox 243 2076 575 2109; baseline 0 -1"><span class='ocrx_word' id='word_1_265' title='bbox 243 2076 387 2108; x_wconf 72' lang='lat' dir='ltr'>cadaver</span> <span class='ocrx_word' id='word_1_266' title='bbox 403 2078 575 2109; x_wconf 74' lang='lat' dir='ltr'>abieceris.</span> 
     </span>
    </p>
   </div>
   <div class='ocr_carea' id='block_1_13' title="bbox 230 2165 912 2702">
    <p class='ocr_par' dir='ltr' id='par_1_13' title="bbox 230 2165 912 2702">
     <span class='ocr_line' id='line_1_39' title="bbox 290 2165 912 2209; baseline 0 -12"><span class='ocrx_word' id='word_1_267' title='bbox 290 2165 443 2198; x_wconf 84' lang='lat'>11—12.</span> <span class='ocrx_word' id='word_1_268' title='bbox 477 2167 605 2209; x_wconf 59' lang='lat' dir='ltr'>audiv„</span> <span class='ocrx_word' id='word_1_269' title='bbox 628 2177 655 2198; x_wconf 90' lang='lat' dir='ltr'>s.</span> <span class='ocrx_word' id='word_1_270' title='bbox 674 2166 727 2206; x_wconf 85' lang='lat'>28,</span> <span class='ocrx_word' id='word_1_271' title='bbox 747 2166 800 2206; x_wconf 91' lang='lat'>22,</span> <span class='ocrx_word' id='word_1_272' title='bbox 818 2167 850 2198; x_wconf 78' lang='lat'>4.</span> <span class='ocrx_word' id='word_1_273' title='bbox 867 2184 912 2189; x_wconf 87' lang='lat'>——</span> 
     </span>
     <span class='ocr_line' id='line_1_40' title="bbox 230 2211 911 2254; baseline -0.001 -11"><span class='ocrx_word' id='word_1_274' title='bbox 230 2211 346 2254; x_wconf 78' lang='lat' dir='ltr'>foeda</span> <span class='ocrx_word' id='word_1_275' title='bbox 363 2211 534 2254; x_wconf 63' lang='lat' dir='ltr'>emempla,</span> <span class='ocrx_word' id='word_1_276' title='bbox 568 2213 778 2243; x_wconf 72' lang='lat' dir='ltr'>sch&#39;cindliche</span> <span class='ocrx_word' id='word_1_277' title='bbox 798 2211 911 2243; x_wconf 87' lang='lat' dir='ltr'>Hand-</span> 
     </span>
     <span class='ocr_line' id='line_1_41' title="bbox 240 2257 910 2298; baseline 0 -11"><span class='ocrx_word' id='word_1_278' title='bbox 240 2257 372 2296; x_wconf 85' lang='lat' dir='ltr'>lnngen,</span> <span class='ocrx_word' id='word_1_279' title='bbox 393 2257 444 2287; x_wconf 85' lang='lat' dir='ltr'>die</span> <span class='ocrx_word' id='word_1_280' title='bbox 462 2257 513 2288; x_wconf 83' lang='lat' dir='ltr'>als</span> <span class='ocrx_word' id='word_1_281' title='bbox 530 2257 727 2288; x_wconf 80' lang='lat' dir='ltr'>auffallende</span> <span class='ocrx_word' id='word_1_282' title='bbox 748 2257 910 2298; x_wconf 84' lang='lat' dir='ltr'>Beispiele</span> 
     </span>
     <span class='ocr_line' id='line_1_42' title="bbox 241 2302 910 2341; baseline -0.001 -9"><span class='ocrx_word' id='word_1_283' title='bbox 241 2302 736 2341; x_wconf 70' lang='lat' dir='ltr'>hetrachtetwerdenkonnten,</span> <span class='ocrx_word' id='word_1_284' title='bbox 752 2302 910 2341; x_wconf 77' lang='lat' dir='ltr'>gewo&#39;hn-</span> 
     </span>
     <span class='ocr_line' id='line_1_43' title="bbox 243 2345 909 2386; baseline 0 -9"><span class='ocrx_word' id='word_1_285' title='bbox 243 2347 307 2377; x_wconf 88' lang='lat' dir='ltr'>lich</span> <span class='ocrx_word' id='word_1_286' title='bbox 333 2348 422 2377; x_wconf 79' lang='lat' dir='ltr'>steht</span> <span class='ocrx_word' id='word_1_287' title='bbox 439 2347 490 2377; x_wconf 86' lang='lat' dir='ltr'>ein</span> <span class='ocrx_word' id='word_1_288' title='bbox 511 2346 647 2378; x_wconf 85' lang='lat' dir='ltr'>Genitiv</span> <span class='ocrx_word' id='word_1_289' title='bbox 664 2347 774 2385; x_wconf 83' lang='lat' dir='ltr'>dabei,</span> <span class='ocrx_word' id='word_1_290' title='bbox 809 2357 835 2377; x_wconf 87' lang='lat' dir='ltr'>s.</span> <span class='ocrx_word' id='word_1_291' title='bbox 855 2345 909 2386; x_wconf 87' lang='lat'>21,</span> 
     </span>
     <span class='ocr_line' id='line_1_44' title="bbox 243 2391 909 2434; baseline 0 -13"><span class='ocrx_word' id='word_1_292' title='bbox 243 2392 294 2430; x_wconf 80' lang='lat'>57,</span> <span class='ocrx_word' id='word_1_293' title='bbox 323 2391 371 2429; x_wconf 76' lang='lat'>14,</span> <span class='ocrx_word' id='word_1_294' title='bbox 396 2392 455 2422; x_wconf 81' lang='lat' dir='ltr'>der</span> <span class='ocrx_word' id='word_1_295' title='bbox 478 2392 547 2422; x_wconf 88' lang='lat' dir='ltr'>hier</span> <span class='ocrx_word' id='word_1_296' title='bbox 564 2393 665 2423; x_wconf 86' lang='lat' dir='ltr'>durch</span> <span class='ocrx_word' id='word_1_297' title='bbox 687 2402 749 2434; x_wconf 74' lang='lat' dir='ltr'>pe]-</span> <span class='ocrx_word' id='word_1_298' title='bbox 765 2391 856 2422; x_wconf 83' lang='lat' dir='ltr'>libid.</span> <span class='ocrx_word' id='word_1_299' title='bbox 877 2401 909 2422; x_wconf 85' lang='grc' dir='ltr'>α.</span> 
     </span>
     <span class='ocr_line' id='line_1_45' title="bbox 243 2435 908 2476; baseline 0 -10"><span class='ocrx_word' id='word_1_300' title='bbox 243 2446 355 2475; x_wconf 57' lang='lat' dir='ltr'>arata,</span> <span class='ocrx_word' id='word_1_301' title='bbox 389 2441 517 2467; x_wconf 77' lang='lat' dir='ltr'>ersetzt</span> <span class='ocrx_word' id='word_1_302' title='bbox 535 2438 589 2467; x_wconf 87' lang='lat' dir='ltr'>ist.</span> <span class='ocrx_word' id='word_1_303' title='bbox 609 2456 650 2459; x_wconf 80' lang='lat'>—</span> <span class='ocrx_word' id='word_1_304' title='bbox 666 2439 707 2468; x_wconf 85' lang='lat' dir='ltr'>ab</span> <span class='ocrx_word' id='word_1_305' title='bbox 725 2438 789 2474; x_wconf 79' lang='lat' dir='ltr'>ira,</span> <span class='ocrx_word' id='word_1_306' title='bbox 808 2446 835 2467; x_wconf 81' lang='lat' dir='ltr'>s,</span> <span class='ocrx_word' id='word_1_307' title='bbox 854 2435 908 2476; x_wconf 75' lang='lat'>27,</span> 
     </span>
     <span class='ocr_line' id='line_1_46' title="bbox 245 2480 910 2524; baseline 0.003 -14"><span class='ocrx_word' id='word_1_308' title='bbox 245 2480 294 2519; x_wconf 93' lang='lat'>17,</span> <span class='ocrx_word' id='word_1_309' title='bbox 314 2481 344 2511; x_wconf 86' lang='lat'>5.</span> <span class='ocrx_word' id='word_1_310' title='bbox 362 2499 406 2503; x_wconf 90' lang='lat'><strong>—</strong></span> <span class='ocrx_word' id='word_1_311' title='bbox 422 2481 630 2524; x_wconf 57' lang='lat' dir='ltr'>‘&#39;titillt&#39;plt&#39;cz&#39;a,</span> <span class='ocrx_word' id='word_1_312' title='bbox 654 2492 680 2513; x_wconf 79' lang='lat' dir='ltr'>s,</span> <span class='ocrx_word' id='word_1_313' title='bbox 702 2482 728 2522; x_wconf 81' lang='lat'>2,</span> <span class='ocrx_word' id='word_1_314' title='bbox 748 2481 800 2521; x_wconf 76' lang='grc'>64,</span> <span class='ocrx_word' id='word_1_315' title='bbox 818 2481 848 2513; x_wconf 76' lang='grc'>4.</span> <span class='ocrx_word' id='word_1_316' title='bbox 866 2500 910 2503; x_wconf 90' lang='lat'>--</span> 
     </span>
     <span class='ocr_line' id='line_1_47' title="bbox 242 2525 910 2568; baseline 0.003 -14"><span class='ocrx_word' id='word_1_317' title='bbox 242 2525 420 2565; x_wconf 77' lang='lat' dir='ltr'>infamiae,</span> <span class='ocrx_word' id='word_1_318' title='bbox 454 2526 740 2557; x_wconf 64' lang='lat' dir='ltr'>absc-liliessendes</span> <span class='ocrx_word' id='word_1_319' title='bbox 759 2526 910 2568; x_wconf 77' lang='lat' dir='ltr'>Asynde-</span> 
     </span>
     <span class='ocr_line' id='line_1_48' title="bbox 243 2570 910 2601; baseline 0.003 -2"><span class='ocrx_word' id='word_1_320' title='bbox 243 2574 311 2599; x_wconf 75' lang='lat' dir='ltr'>ton.</span> <span class='ocrx_word' id='word_1_321' title='bbox 344 2570 401 2599; x_wconf 81' lang='lat' dir='ltr'>Die</span> <span class='ocrx_word' id='word_1_322' title='bbox 423 2570 652 2601; x_wconf 71' lang='lat' dir='ltr'>Verhiiltnisse</span> <span class='ocrx_word' id='word_1_323' title='bbox 673 2572 702 2601; x_wconf 90' lang='lat' dir='ltr'>in</span> <span class='ocrx_word' id='word_1_324' title='bbox 722 2571 818 2601; x_wconf 81' lang='lat' dir='ltr'>Locri</span> <span class='ocrx_word' id='word_1_325' title='bbox 837 2571 910 2601; x_wconf 89' lang='lat' dir='ltr'>sind</span> 
     </span>
     <span class='ocr_line' id='line_1_49' title="bbox 244 2614 910 2656; baseline 0.006 -14"><span class='ocrx_word' id='word_1_326' title='bbox 244 2614 316 2642; x_wconf 76' lang='lat' dir='ltr'>hier</span> <span class='ocrx_word' id='word_1_327' title='bbox 333 2615 396 2644; x_wconf 89' lang='lat' dir='ltr'>und</span> <span class='ocrx_word' id='word_1_328' title='bbox 416 2625 442 2645; x_wconf 84' lang='lat' dir='ltr'>c.</span> <span class='ocrx_word' id='word_1_329' title='bbox 467 2615 548 2646; x_wconf 88' lang='grc'><strong>1611“.</strong></span> <span class='ocrx_word' id='word_1_330' title='bbox 568 2617 647 2646; x_wconf 81' lang='lat' dir='ltr'>nach</span> <span class='ocrx_word' id='word_1_331' title='bbox 663 2617 756 2646; x_wconf 79' lang='lat' dir='ltr'>einer</span> <span class='ocrx_word' id='word_1_332' title='bbox 771 2616 910 2656; x_wconf 84' lang='lat' dir='ltr'>breiten,</span> 
     </span>
     <span class='ocr_line' id='line_1_50' title="bbox 244 2656 910 2702; baseline 0.009 -16"><span class='ocrx_word' id='word_1_333' title='bbox 244 2656 352 2698; x_wconf 84' lang='lat' dir='ltr'>Scipio</span> <span class='ocrx_word' id='word_1_334' title='bbox 367 2659 454 2690; x_wconf 81' lang='lat' dir='ltr'>nieht</span> <span class='ocrx_word' id='word_1_335' title='bbox 467 2661 588 2699; x_wconf 82' lang='lat' dir='ltr'>gerade</span> <span class='ocrx_word' id='word_1_336' title='bbox 602 2660 777 2701; x_wconf 79' lang='lat' dir='ltr'>giinstigen</span> <span class='ocrx_word' id='word_1_337' title='bbox 792 2660 910 2702; x_wconf 79' lang='lat' dir='ltr'>Quelle</span> 
     </span>
    </p>
   </div>
   <div class='ocr_carea' id='block_1_14' title="bbox 982 1309 1657 2342">
    <p class='ocr_par' dir='ltr' id='par_1_14' title="bbox 982 1309 1657 2342">
     <span class='ocr_line' id='line_1_51' title="bbox 986 1309 1655 1350; baseline -0.001 -8"><span class='ocrx_word' id='word_1_338' title='bbox 986 1311 1262 1343; x_wconf 84' lang='lat' dir='ltr'>wahrseheinlich</span> <span class='ocrx_word' id='word_1_339' title='bbox 1291 1311 1322 1341; x_wconf 93' lang='lat' dir='ltr'>in</span> <span class='ocrx_word' id='word_1_340' title='bbox 1349 1310 1452 1350; x_wconf 83' lang='lat' dir='ltr'>Folge</span> <span class='ocrx_word' id='word_1_341' title='bbox 1481 1311 1541 1341; x_wconf 87' lang='lat' dir='ltr'>der</span> <span class='ocrx_word' id='word_1_342' title='bbox 1568 1309 1655 1343; x_wconf 86' lang='lat' dir='ltr'>Vor-</span> 
     </span>
     <span class='ocr_line' id='line_1_52' title="bbox 986 1354 1655 1395; baseline -0.001 -8"><span class='ocrx_word' id='word_1_343' title='bbox 986 1357 1072 1388; x_wconf 86' lang='lat' dir='ltr'>liebe</span> <span class='ocrx_word' id='word_1_344' title='bbox 1103 1354 1157 1387; x_wconf 86' lang='lat' dir='ltr'>L’s</span> <span class='ocrx_word' id='word_1_345' title='bbox 1181 1354 1234 1386; x_wconf 87' lang='lat' dir='ltr'>fiir</span> <span class='ocrx_word' id='word_1_346' title='bbox 1258 1355 1310 1386; x_wconf 89' lang='lat' dir='ltr'>die</span> <span class='ocrx_word' id='word_1_347' title='bbox 1335 1355 1546 1395; x_wconf 80' lang='lat' dir='ltr'>Behandlung</span> <span class='ocrx_word' id='word_1_348' title='bbox 1574 1355 1655 1386; x_wconf 89' lang='lat' dir='ltr'>reli-</span> 
     </span>
     <span class='ocr_line' id='line_1_53' title="bbox 987 1400 1657 1442; baseline -0.003 -9"><span class='ocrx_word' id='word_1_349' title='bbox 987 1402 1101 1442; x_wconf 77' lang='lat' dir='ltr'>gib&#39;ser</span> <span class='ocrx_word' id='word_1_350' title='bbox 1126 1400 1361 1440; x_wconf 71' lang='lat' dir='ltr'>Gegenstiinde</span> <span class='ocrx_word' id='word_1_351' title='bbox 1386 1401 1657 1432; x_wconf 74' lang='lat' dir='ltr'>unverhiiltniss-</span> 
     </span>
     <span class='ocr_line' id='line_1_54' title="bbox 986 1444 1490 1486; baseline -0.004 -8"><span class='ocrx_word' id='word_1_352' title='bbox 986 1447 1110 1486; x_wconf 75' lang='lat' dir='ltr'>iniissig</span> <span class='ocrx_word' id='word_1_353' title='bbox 1127 1444 1330 1477; x_wconf 81' lang='lat' dir='ltr'>ausfiihrlich</span> <span class='ocrx_word' id='word_1_354' title='bbox 1350 1446 1490 1477; x_wconf 69' lang='lat' dir='ltr'>erziihlt.</span> 
     </span>
     <span class='ocr_line' id='line_1_55' title="bbox 1034 1485 1654 1530; baseline -0.005 -6"><span class='ocrx_word' id='word_1_355' title='bbox 1034 1485 1216 1524; x_wconf 72' lang='lat'>10——-11⁰</span> <span class='ocrx_word' id='word_1_356' title='bbox 1234 1491 1480 1530; x_wconf 83' lang='lat' dir='ltr'>Anordnungen</span> <span class='ocrx_word' id='word_1_357' title='bbox 1505 1491 1536 1521; x_wconf 94' lang='lat' dir='ltr'>in</span> <span class='ocrx_word' id='word_1_358' title='bbox 1554 1490 1654 1529; x_wconf 83' lang='lat' dir='ltr'>Rom3</span> 
     </span>
     <span class='ocr_line' id='line_1_56' title="bbox 984 1536 1657 1576; baseline -0.001 -9"><span class='ocrx_word' id='word_1_359' title='bbox 984 1536 1163 1568; x_wconf 80' lang='lat' dir='ltr'>Beschluss</span> <span class='ocrx_word' id='word_1_360' title='bbox 1187 1537 1239 1567; x_wconf 87' lang='lat' dir='ltr'>die</span> <span class='ocrx_word' id='word_1_361' title='bbox 1264 1545 1379 1576; x_wconf 81' lang='lat' dir='ltr'>magna</span> <span class='ocrx_word' id='word_1_362' title='bbox 1397 1540 1503 1567; x_wconf 84' lang='lat' dir='ltr'>mater</span> <span class='ocrx_word' id='word_1_363' title='bbox 1520 1536 1657 1567; x_wconf 84' lang='lat' dir='ltr'>deorum</span> 
     </span>
     <span class='ocr_line' id='line_1_57' title="bbox 985 1580 1656 1622; baseline -0.001 -10"><span class='ocrx_word' id='word_1_364' title='bbox 985 1593 1027 1612; x_wconf 89' lang='lat' dir='ltr'>zu</span> <span class='ocrx_word' id='word_1_365' title='bbox 1051 1582 1165 1619; x_wconf 90' lang='lat' dir='ltr'>holen,</span> <span class='ocrx_word' id='word_1_366' title='bbox 1199 1592 1225 1612; x_wconf 84' lang='lat' dir='ltr'>S.</span> <span class='ocrx_word' id='word_1_367' title='bbox 1245 1580 1311 1612; x_wconf 82' lang='lat' dir='ltr'>Cic.</span> <span class='ocrx_word' id='word_1_368' title='bbox 1337 1582 1376 1612; x_wconf 84' lang='lat' dir='ltr'>de</span> <span class='ocrx_word' id='word_1_369' title='bbox 1402 1581 1541 1622; x_wconf 78' lang='lat' dir='ltr'>Harusp.</span> <span class='ocrx_word' id='word_1_370' title='bbox 1567 1591 1656 1622; x_wconf 85' lang='lat' dir='ltr'>resp.</span> 
     </span>
     <span class='ocr_line' id='line_1_58' title="bbox 989 1626 1656 1667; baseline -0.001 -10"><span class='ocrx_word' id='word_1_371' title='bbox 989 1626 1039 1667; x_wconf 89' lang='lat'>13,</span> <span class='ocrx_word' id='word_1_372' title='bbox 1059 1627 1100 1658; x_wconf 78' lang='lat'>26</span> <span class='ocrx_word' id='word_1_373' title='bbox 1111 1626 1162 1663; x_wconf 85' lang='lat' dir='ltr'>ff.;</span> <span class='ocrx_word' id='word_1_374' title='bbox 1198 1626 1259 1657; x_wconf 89' lang='lat' dir='ltr'>Ov.</span> <span class='ocrx_word' id='word_1_375' title='bbox 1281 1626 1371 1657; x_wconf 81' lang='lat' dir='ltr'>Fast.</span> <span class='ocrx_word' id='word_1_376' title='bbox 1392 1627 1422 1663; x_wconf 89' lang='lat'>4,</span> <span class='ocrx_word' id='word_1_377' title='bbox 1442 1626 1525 1664; x_wconf 76' lang='lat'>2573</span> <span class='ocrx_word' id='word_1_378' title='bbox 1560 1626 1656 1657; x_wconf 88' lang='lat' dir='ltr'>Diod.</span> 
     </span>
     <span class='ocr_line' id='line_1_59' title="bbox 986 1671 1655 1711; baseline -0.001 -9"><span class='ocrx_word' id='word_1_379' title='bbox 986 1672 1052 1702; x_wconf 89' lang='lat' dir='ltr'>Sic.</span> <span class='ocrx_word' id='word_1_380' title='bbox 1076 1671 1129 1709; x_wconf 80' lang='lat'>34,</span> <span class='ocrx_word' id='word_1_381' title='bbox 1155 1671 1214 1709; x_wconf 77' lang='lat'>603</span> <span class='ocrx_word' id='word_1_382' title='bbox 1251 1671 1370 1702; x_wconf 84' lang='lat' dir='ltr'>Strabo</span> <span class='ocrx_word' id='word_1_383' title='bbox 1399 1671 1449 1711; x_wconf 87' lang='lat'>12,</span> <span class='ocrx_word' id='word_1_384' title='bbox 1474 1672 1492 1701; x_wconf 84' lang='lat'>5</span> <span class='ocrx_word' id='word_1_385' title='bbox 1518 1681 1548 1711; x_wconf 88' lang='lat' dir='ltr'>p.</span> <span class='ocrx_word' id='word_1_386' title='bbox 1572 1671 1655 1709; x_wconf 76' lang='lat'>5673</span> 
     </span>
     <span class='ocr_line' id='line_1_60' title="bbox 985 1715 1549 1759; baseline -0.004 -11"><span class='ocrx_word' id='word_1_387' title='bbox 985 1717 1066 1759; x_wconf 89' lang='lat' dir='ltr'>App.</span> <span class='ocrx_word' id='word_1_388' title='bbox 1086 1716 1190 1747; x_wconf 86' lang='lat' dir='ltr'>Hann.</span> <span class='ocrx_word' id='word_1_389' title='bbox 1211 1715 1270 1754; x_wconf 79' lang='lat'>563</span> <span class='ocrx_word' id='word_1_390' title='bbox 1291 1718 1369 1747; x_wconf 85' lang='lat' dir='ltr'>Aur.</span> <span class='ocrx_word' id='word_1_391' title='bbox 1388 1715 1476 1747; x_wconf 89' lang='lat' dir='ltr'>Vict.</span> <span class='ocrx_word' id='word_1_392' title='bbox 1494 1715 1549 1747; x_wconf 87' lang='grc'>46.</span> 
     </span>
     <span class='ocr_line' id='line_1_61' title="bbox 1035 1760 1655 1804; baseline -0.002 -12"><span class='ocrx_word' id='word_1_393' title='bbox 1035 1762 1144 1792; x_wconf 68' lang='lat'>1—3.</span> <span class='ocrx_word' id='word_1_394' title='bbox 1175 1763 1286 1792; x_wconf 75' lang='lat' dir='ltr'>comit.</span> <span class='ocrx_word' id='word_1_395' title='bbox 1307 1764 1419 1804; x_wconf 56' lang='lat' dir='ltr'>tmnp„</span> <span class='ocrx_word' id='word_1_396' title='bbox 1439 1761 1494 1800; x_wconf 86' lang='lat'>27,</span> <span class='ocrx_word' id='word_1_397' title='bbox 1511 1760 1541 1799; x_wconf 85' lang='lat'>6,</span> <span class='ocrx_word' id='word_1_398' title='bbox 1562 1761 1594 1791; x_wconf 93' lang='grc'>2.</span> <span class='ocrx_word' id='word_1_399' title='bbox 1613 1779 1655 1783; x_wconf 85' lang='lat'>—-</span> 
     </span>
     <span class='ocr_line' id='line_1_62' title="bbox 986 1806 1656 1846; baseline -0.003 -8"><span class='ocrx_word' id='word_1_400' title='bbox 986 1806 1121 1838; x_wconf 70' lang='lat' dir='ltr'>adlatae</span> <span class='ocrx_word' id='word_1_401' title='bbox 1134 1817 1164 1837; x_wconf 88' lang='lat' dir='ltr'>n.</span> <span class='ocrx_word' id='word_1_402' title='bbox 1182 1809 1271 1846; x_wconf 74' lang='lat' dir='ltr'>semi,</span> <span class='ocrx_word' id='word_1_403' title='bbox 1295 1806 1439 1837; x_wconf 87' lang='lat' dir='ltr'>welches</span> <span class='ocrx_word' id='word_1_404' title='bbox 1457 1815 1549 1837; x_wconf 80' lang='lat' dir='ltr'>zwar</span> <span class='ocrx_word' id='word_1_405' title='bbox 1565 1816 1605 1836; x_wconf 89' lang='lat' dir='ltr'>an</span> <span class='ocrx_word' id='word_1_406' title='bbox 1623 1816 1656 1837; x_wconf 92' lang='lat' dir='ltr'>u.</span> 
     </span>
     <span class='ocr_line' id='line_1_63' title="bbox 988 1850 1656 1891; baseline -0.003 -8"><span class='ocrx_word' id='word_1_407' title='bbox 988 1852 1038 1883; x_wconf 88' lang='lat' dir='ltr'>St.</span> <span class='ocrx_word' id='word_1_408' title='bbox 1068 1852 1170 1883; x_wconf 86' lang='lat' dir='ltr'>leicht</span> <span class='ocrx_word' id='word_1_409' title='bbox 1201 1850 1364 1882; x_wconf 84' lang='lat' dir='ltr'>ausfallen</span> <span class='ocrx_word' id='word_1_410' title='bbox 1394 1852 1535 1891; x_wconf 87' lang='lat' dir='ltr'>konnte,</span> <span class='ocrx_word' id='word_1_411' title='bbox 1574 1851 1656 1882; x_wconf 82' lang='lat' dir='ltr'>aber</span> 
     </span>
     <span class='ocr_line' id='line_1_64' title="bbox 986 1896 1655 1928; baseline -0.003 0"><span class='ocrx_word' id='word_1_412' title='bbox 986 1898 1068 1928; x_wconf 84' lang='lat' dir='ltr'>auch</span> <span class='ocrx_word' id='word_1_413' title='bbox 1095 1901 1189 1928; x_wconf 88' lang='lat' dir='ltr'>sonst</span> <span class='ocrx_word' id='word_1_414' title='bbox 1211 1907 1274 1927; x_wconf 93' lang='lat' dir='ltr'>von</span> <span class='ocrx_word' id='word_1_415' title='bbox 1299 1896 1336 1927; x_wconf 89' lang='lat' dir='ltr'>L.</span> <span class='ocrx_word' id='word_1_416' title='bbox 1363 1897 1394 1927; x_wconf 92' lang='lat' dir='ltr'>in</span> <span class='ocrx_word' id='word_1_417' title='bbox 1418 1896 1655 1928; x_wconf 71' lang='lat' dir='ltr'>Nebensiitzen</span> 
     </span>
     <span class='ocr_line' id='line_1_65' title="bbox 987 1941 1657 1983; baseline 0 -11"><span class='ocrx_word' id='word_1_418' title='bbox 987 1942 1159 1973; x_wconf 85' lang='lat' dir='ltr'>bisweilen</span> <span class='ocrx_word' id='word_1_419' title='bbox 1176 1942 1266 1972; x_wconf 87' lang='lat' dir='ltr'>nicht</span> <span class='ocrx_word' id='word_1_420' title='bbox 1279 1951 1319 1971; x_wconf 87' lang='lat' dir='ltr'>zu</span> <span class='ocrx_word' id='word_1_421' title='bbox 1333 1942 1403 1972; x_wconf 84' lang='lat' dir='ltr'>dem</span> <span class='ocrx_word' id='word_1_422' title='bbox 1414 1942 1530 1983; x_wconf 81' lang='lat' dir='ltr'>partic.</span> <span class='ocrx_word' id='word_1_423' title='bbox 1541 1941 1657 1972; x_wconf 83' lang='lat' dir='ltr'>hinzu-</span> 
     </span>
     <span class='ocr_line' id='line_1_66' title="bbox 986 1985 1654 2027; baseline -0.003 -9"><span class='ocrx_word' id='word_1_424' title='bbox 986 1985 1100 2027; x_wconf 81' lang='lat' dir='ltr'>gefiigt</span> <span class='ocrx_word' id='word_1_425' title='bbox 1115 1987 1208 2026; x_wconf 88' lang='lat' dir='ltr'>wird,</span> <span class='ocrx_word' id='word_1_426' title='bbox 1223 1997 1249 2017; x_wconf 89' lang='lat' dir='ltr'>s.</span> <span class='ocrx_word' id='word_1_427' title='bbox 1261 1997 1301 2016; x_wconf 93' lang='lat' dir='ltr'>zu</span> <span class='ocrx_word' id='word_1_428' title='bbox 1315 1985 1368 2026; x_wconf 90' lang='lat'>27,</span> <span class='ocrx_word' id='word_1_429' title='bbox 1384 1987 1414 2025; x_wconf 87' lang='lat'>5,</span> <span class='ocrx_word' id='word_1_430' title='bbox 1430 1987 1465 2025; x_wconf 74' lang='lat'>93</span> <span class='ocrx_word' id='word_1_431' title='bbox 1482 1986 1534 2023; x_wconf 87' lang='lat'>22,</span> <span class='ocrx_word' id='word_1_432' title='bbox 1553 1986 1604 2026; x_wconf 87' lang='lat'>14,</span> <span class='ocrx_word' id='word_1_433' title='bbox 1619 1985 1654 2017; x_wconf 86' lang='lat'>3:</span> 
     </span>
     <span class='ocr_line' id='line_1_67' title="bbox 986 2030 1653 2069; baseline -0.003 -6"><span class='ocrx_word' id='word_1_434' title='bbox 986 2035 1025 2063; x_wconf 79' lang='lat' dir='ltr'>ut</span> <span class='ocrx_word' id='word_1_435' title='bbox 1042 2042 1119 2064; x_wconf 75' lang='lat' dir='ltr'>vero</span> <span class='ocrx_word' id='word_1_436' title='bbox 1136 2049 1180 2054; x_wconf 85' lang='lat'>——</span> <span class='ocrx_word' id='word_1_437' title='bbox 1197 2034 1347 2069; x_wconf 70' lang='lat' dir='ltr'>ventam3</span> <span class='ocrx_word' id='word_1_438' title='bbox 1368 2031 1449 2062; x_wconf 87' lang='lat' dir='ltr'>Sall.</span> <span class='ocrx_word' id='word_1_439' title='bbox 1468 2030 1491 2062; x_wconf 85' lang='grc' dir='ltr'>Ι.</span> <span class='ocrx_word' id='word_1_440' title='bbox 1512 2031 1563 2069; x_wconf 88' lang='lat'>71,</span> <span class='ocrx_word' id='word_1_441' title='bbox 1587 2031 1600 2061; x_wconf 91' lang='lat'>1</span> <span class='ocrx_word' id='word_1_442' title='bbox 1621 2041 1653 2062; x_wconf 92' lang='lat' dir='ltr'>u.</span> 
     </span>
     <span class='ocr_line' id='line_1_68' title="bbox 985 2075 1652 2116; baseline -0.001 -9"><span class='ocrx_word' id='word_1_443' title='bbox 985 2086 1014 2107; x_wconf 84' lang='lat' dir='ltr'>a.</span> <span class='ocrx_word' id='word_1_444' title='bbox 1033 2094 1078 2099; x_wconf 85' lang='lat'><strong>—</strong></span> <span class='ocrx_word' id='word_1_445' title='bbox 1091 2088 1128 2108; x_wconf 84' lang='lat' dir='ltr'>se</span> <span class='ocrx_word' id='word_1_446' title='bbox 1141 2081 1216 2116; x_wconf 64' lang='grc' dir='ltr'>εἶα,</span> <span class='ocrx_word' id='word_1_447' title='bbox 1236 2075 1499 2115; x_wconf 51' lang='grc' dir='ltr'>ῑνίεάθνὴοωης</span> <span class='ocrx_word' id='word_1_448' title='bbox 1516 2086 1580 2107; x_wconf 90' lang='lat' dir='ltr'>von</span> <span class='ocrx_word' id='word_1_449' title='bbox 1599 2075 1652 2113; x_wconf 87' lang='lat'>28,</span> 
     </span>
     <span class='ocr_line' id='line_1_69' title="bbox 983 2120 1654 2161; baseline -0.001 -9"><span class='ocrx_word' id='word_1_450' title='bbox 983 2120 1037 2152; x_wconf 81' lang='lat'>46.</span> <span class='ocrx_word' id='word_1_451' title='bbox 1060 2139 1105 2143; x_wconf 88' lang='lat'>—</span> <span class='ocrx_word' id='word_1_452' title='bbox 1127 2121 1243 2152; x_wconf 84' lang='lat' dir='ltr'>morbo</span> <span class='ocrx_word' id='word_1_453' title='bbox 1266 2120 1392 2161; x_wconf 65' lang='lat' dir='ltr'>adfeci.</span> <span class='ocrx_word' id='word_1_454' title='bbox 1425 2121 1555 2152; x_wconf 86' lang='lat' dir='ltr'>scheint</span> <span class='ocrx_word' id='word_1_455' title='bbox 1583 2121 1654 2151; x_wconf 86' lang='lat' dir='ltr'>sich</span> 
     </span>
     <span class='ocr_line' id='line_1_70' title="bbox 983 2166 1652 2205; baseline 0 -9"><span class='ocrx_word' id='word_1_456' title='bbox 983 2171 1078 2197; x_wconf 84' lang='lat' dir='ltr'>sonst</span> <span class='ocrx_word' id='word_1_457' title='bbox 1096 2166 1185 2196; x_wconf 84' lang='lat' dir='ltr'>nicht</span> <span class='ocrx_word' id='word_1_458' title='bbox 1203 2176 1238 2196; x_wconf 89' lang='lat' dir='ltr'>so</span> <span class='ocrx_word' id='word_1_459' title='bbox 1257 2166 1449 2197; x_wconf 79' lang='lat' dir='ltr'>verbunden</span> <span class='ocrx_word' id='word_1_460' title='bbox 1475 2176 1515 2196; x_wconf 85' lang='lat' dir='ltr'>zu</span> <span class='ocrx_word' id='word_1_461' title='bbox 1534 2166 1652 2205; x_wconf 86' lang='lat' dir='ltr'>finden,</span> 
     </span>
     <span class='ocr_line' id='line_1_71' title="bbox 982 2210 1652 2251; baseline 0 -10"><span class='ocrx_word' id='word_1_462' title='bbox 982 2212 1064 2242; x_wconf 83' lang='lat' dir='ltr'>auch</span> <span class='ocrx_word' id='word_1_463' title='bbox 1087 2210 1188 2251; x_wconf 81' lang='lat' dir='ltr'>adfici</span> <span class='ocrx_word' id='word_1_464' title='bbox 1209 2212 1324 2243; x_wconf 79' lang='lat' dir='ltr'>morbo</span> <span class='ocrx_word' id='word_1_465' title='bbox 1349 2211 1392 2242; x_wconf 85' lang='lat' dir='ltr'>ist</span> <span class='ocrx_word' id='word_1_466' title='bbox 1417 2211 1505 2242; x_wconf 80' lang='lat' dir='ltr'>nieht</span> <span class='ocrx_word' id='word_1_467' title='bbox 1532 2210 1652 2251; x_wconf 69' lang='lat' dir='ltr'>hiiufig,</span> 
     </span>
     <span class='ocr_line' id='line_1_72' title="bbox 982 2255 1649 2298; baseline 0.001 -12"><span class='ocrx_word' id='word_1_468' title='bbox 982 2256 1048 2295; x_wconf 82' lang='lat' dir='ltr'>vgl.</span> <span class='ocrx_word' id='word_1_469' title='bbox 1068 2256 1099 2295; x_wconf 92' lang='lat'>4,</span> <span class='ocrx_word' id='word_1_470' title='bbox 1118 2255 1172 2295; x_wconf 73' lang='grc'>30,</span> <span class='ocrx_word' id='word_1_471' title='bbox 1190 2256 1226 2286; x_wconf 79' lang='grc'>9;</span> <span class='ocrx_word' id='word_1_472' title='bbox 1246 2266 1389 2298; x_wconf 71' lang='lat' dir='ltr'>corpora</span> <span class='ocrx_word' id='word_1_473' title='bbox 1405 2255 1542 2297; x_wconf 65' lang='lat' dir='ltr'>adfecta</span> <span class='ocrx_word' id='word_1_474' title='bbox 1559 2257 1649 2293; x_wconf 79' lang='lat' dir='ltr'>tabe3</span> 
     </span>
     <span class='ocr_line' id='line_1_73' title="bbox 982 2301 1652 2342; baseline 0.001 -11"><span class='ocrx_word' id='word_1_475' title='bbox 982 2311 1018 2331; x_wconf 87' lang='lat' dir='ltr'>es</span> <span class='ocrx_word' id='word_1_476' title='bbox 1042 2301 1126 2331; x_wconf 86' lang='lat' dir='ltr'>wird</span> <span class='ocrx_word' id='word_1_477' title='bbox 1144 2301 1246 2332; x_wconf 79' lang='lat' dir='ltr'>daher</span> <span class='ocrx_word' id='word_1_478' title='bbox 1267 2301 1439 2342; x_wconf 75' lang='lat' dir='ltr'>adflictari</span> <span class='ocrx_word' id='word_1_479' title='bbox 1454 2301 1652 2332; x_wconf 78' lang='lat' dir='ltr'>vermuthet.</span> 
     </span>
    </p>
   </div>
   <div class='ocr_carea' id='block_1_15' title="bbox 983 2346 1651 2476">
    <p class='ocr_par' dir='ltr' id='par_1_15' title="bbox 983 2346 1651 2476">
     <span class='ocr_line' id='line_1_74' title="bbox 983 2346 1650 2387; baseline 0.001 -11"><span class='ocrx_word' id='word_1_480' title='bbox 983 2364 1027 2368; x_wconf 93' lang='lat'>—</span> <span class='ocrx_word' id='word_1_481' title='bbox 1049 2347 1133 2385; x_wconf 76' lang='lat' dir='ltr'>sisti,</span> <span class='ocrx_word' id='word_1_482' title='bbox 1158 2356 1184 2378; x_wconf 89' lang='lat' dir='ltr'>s.</span> <span class='ocrx_word' id='word_1_483' title='bbox 1209 2346 1238 2387; x_wconf 87' lang='lat'>2,</span> <span class='ocrx_word' id='word_1_484' title='bbox 1264 2346 1316 2383; x_wconf 77' lang='lat'>29,</span> <span class='ocrx_word' id='word_1_485' title='bbox 1342 2346 1372 2377; x_wconf 80' lang='lat'>8.</span> <span class='ocrx_word' id='word_1_486' title='bbox 1398 2365 1441 2368; x_wconf 97' lang='lat'><strong>—</strong></span> <span class='ocrx_word' id='word_1_487' title='bbox 1457 2346 1503 2377; x_wconf 81' lang='lat' dir='ltr'>ad</span> <span class='ocrx_word' id='word_1_488' title='bbox 1518 2356 1600 2377; x_wconf 88' lang='lat' dir='ltr'>com.</span> <span class='ocrx_word' id='word_1_489' title='bbox 1620 2356 1650 2377; x_wconf 93' lang='lat' dir='ltr'>n.</span> 
     </span>
     <span class='ocr_line' id='line_1_75' title="bbox 983 2390 1650 2431; baseline 0 -9"><span class='ocrx_word' id='word_1_490' title='bbox 983 2391 1146 2422; x_wconf 77' lang='lat' dir='ltr'>habenda.</span> <span class='ocrx_word' id='word_1_491' title='bbox 1175 2408 1219 2413; x_wconf 91' lang='lat'><strong>—</strong></span> <span class='ocrx_word' id='word_1_492' title='bbox 1243 2391 1376 2431; x_wconf 63' lang='lat' dir='ltr'>Caeca„</span> <span class='ocrx_word' id='word_1_493' title='bbox 1411 2391 1463 2430; x_wconf 80' lang='lat'>28,</span> <span class='ocrx_word' id='word_1_494' title='bbox 1487 2390 1540 2427; x_wconf 84' lang='grc'>46,</span> <span class='ocrx_word' id='word_1_495' title='bbox 1560 2390 1590 2422; x_wconf 89' lang='grc'>3.</span> <span class='ocrx_word' id='word_1_496' title='bbox 1608 2409 1650 2413; x_wconf 84' lang='lat'>——-</span> 
     </span>
     <span class='ocr_line' id='line_1_76' title="bbox 983 2436 1651 2476; baseline -0.001 -9"><span class='ocrx_word' id='word_1_497' title='bbox 983 2447 1083 2467; x_wconf 76' lang='lat' dir='ltr'>usum</span> <span class='ocrx_word' id='word_1_498' title='bbox 1108 2454 1153 2459; x_wconf 87' lang='lat'>—-</span> <span class='ocrx_word' id='word_1_499' title='bbox 1176 2447 1261 2476; x_wconf 81' lang='lat' dir='ltr'>esse,</span> <span class='ocrx_word' id='word_1_500' title='bbox 1296 2446 1368 2467; x_wconf 84' lang='lat' dir='ltr'>man</span> <span class='ocrx_word' id='word_1_501' title='bbox 1395 2436 1502 2466; x_wconf 77' lang='lat' dir='ltr'>ko&#39;nne</span> <span class='ocrx_word' id='word_1_502' title='bbox 1534 2436 1651 2466; x_wconf 86' lang='lat' dir='ltr'>keinen</span> 
     </span>
    </p>
   </div>
   <div class='ocr_carea' id='block_1_16' title="bbox 982 2480 1652 2701">
    <p class='ocr_par' dir='ltr' id='par_1_16' title="bbox 982 2480 1652 2701">
     <span class='ocr_line' id='line_1_77' title="bbox 984 2480 1652 2519; baseline 0 -8"><span class='ocrx_word' id='word_1_503' title='bbox 984 2480 1157 2512; x_wconf 83' lang='lat' dir='ltr'>Gebrauch</span> <span class='ocrx_word' id='word_1_504' title='bbox 1176 2482 1320 2519; x_wconf 86' lang='lat' dir='ltr'>machen,</span> <span class='ocrx_word' id='word_1_505' title='bbox 1341 2480 1421 2512; x_wconf 81' lang='lat' dir='ltr'>habe</span> <span class='ocrx_word' id='word_1_506' title='bbox 1439 2491 1474 2511; x_wconf 91' lang='lat' dir='ltr'>es</span> <span class='ocrx_word' id='word_1_507' title='bbox 1491 2481 1578 2511; x_wconf 74' lang='lat' dir='ltr'>nicht</span> <span class='ocrx_word' id='word_1_508' title='bbox 1592 2482 1652 2511; x_wconf 76' lang='lat' dir='ltr'>nii-</span> 
     </span>
     <span class='ocr_line' id='line_1_78' title="bbox 984 2524 1649 2566; baseline 0 -10"><span class='ocrx_word' id='word_1_509' title='bbox 984 2527 1064 2565; x_wconf 84' lang='lat' dir='ltr'>thig,</span> <span class='ocrx_word' id='word_1_510' title='bbox 1082 2526 1202 2557; x_wconf 85' lang='lat' dir='ltr'>anders</span> <span class='ocrx_word' id='word_1_511' title='bbox 1224 2526 1252 2566; x_wconf 88' lang='lat'>1,</span> <span class='ocrx_word' id='word_1_512' title='bbox 1271 2526 1322 2566; x_wconf 80' lang='lat'>56,</span> <span class='ocrx_word' id='word_1_513' title='bbox 1342 2525 1370 2563; x_wconf 88' lang='grc'>3,</span> <span class='ocrx_word' id='word_1_514' title='bbox 1389 2526 1456 2565; x_wconf 88' lang='lat' dir='ltr'>vgl.</span> <span class='ocrx_word' id='word_1_515' title='bbox 1475 2525 1527 2564; x_wconf 88' lang='grc'>30,</span> <span class='ocrx_word' id='word_1_516' title='bbox 1547 2525 1600 2563; x_wconf 84' lang='grc'>41,</span> <span class='ocrx_word' id='word_1_517' title='bbox 1619 2524 1649 2556; x_wconf 86' lang='grc'>8.</span> 
     </span>
     <span class='ocr_line' id='line_1_79' title="bbox 982 2570 1651 2611; baseline -0.001 -10"><span class='ocrx_word' id='word_1_518' title='bbox 982 2589 1027 2593; x_wconf 85' lang='grc'>-</span> <span class='ocrx_word' id='word_1_519' title='bbox 1054 2571 1236 2611; x_wconf 80' lang='lat' dir='ltr'>Hannibal,</span> <span class='ocrx_word' id='word_1_520' title='bbox 1270 2571 1321 2601; x_wconf 81' lang='lat' dir='ltr'>(lie</span> <span class='ocrx_word' id='word_1_521' title='bbox 1347 2570 1546 2611; x_wconf 74' lang='lat' dir='ltr'>Expedition</span> <span class='ocrx_word' id='word_1_522' title='bbox 1571 2570 1651 2601; x_wconf 86' lang='lat' dir='ltr'>nach</span> 
     </span>
     <span class='ocr_line' id='line_1_80' title="bbox 982 2614 1652 2646; baseline 0 0"><span class='ocrx_word' id='word_1_523' title='bbox 982 2616 1080 2646; x_wconf 88' lang='lat' dir='ltr'>Locri</span> <span class='ocrx_word' id='word_1_524' title='bbox 1098 2616 1223 2646; x_wconf 85' lang='lat' dir='ltr'>miisste</span> <span class='ocrx_word' id='word_1_525' title='bbox 1241 2616 1313 2646; x_wconf 85' lang='lat' dir='ltr'>also</span> <span class='ocrx_word' id='word_1_526' title='bbox 1331 2614 1444 2646; x_wconf 84' lang='lat' dir='ltr'>friiher</span> <span class='ocrx_word' id='word_1_527' title='bbox 1460 2620 1652 2646; x_wconf 84' lang='lat' dir='ltr'>unternom-</span> 
     </span>
     <span class='ocr_line' id='line_1_81' title="bbox 982 2660 1649 2701; baseline 0 -9"><span class='ocrx_word' id='word_1_528' title='bbox 982 2670 1056 2691; x_wconf 85' lang='lat' dir='ltr'>men</span> <span class='ocrx_word' id='word_1_529' title='bbox 1081 2661 1218 2692; x_wconf 88' lang='lat' dir='ltr'>worden</span> <span class='ocrx_word' id='word_1_530' title='bbox 1235 2661 1317 2692; x_wconf 89' lang='lat' dir='ltr'>sein.</span> <span class='ocrx_word' id='word_1_531' title='bbox 1336 2679 1379 2683; x_wconf 89' lang='lat'>—</span> <span class='ocrx_word' id='word_1_532' title='bbox 1395 2662 1567 2701; x_wconf 62' lang='lat' dir='ltr'>incesser„</span> <span class='ocrx_word' id='word_1_533' title='bbox 1586 2660 1649 2691; x_wconf 85' lang='lat' dir='ltr'>wie</span> 
     </span>
    </p>
   </div>
   <div class='ocr_carea' id='block_1_17' title="bbox 1681 857 1722 890">
    <p class='ocr_par' dir='ltr' id='par_1_17' title="bbox 1681 857 1722 890">
     <span class='ocr_line' id='line_1_82' title="bbox 1681 857 1722 890; baseline 0.024 -1"><span class='ocrx_word' id='word_1_534' title='bbox 1681 857 1722 890; x_wconf 86' lang='lat'>10</span> 
     </span>
    </p>
   </div>
   <div class='ocr_carea' id='block_1_18' title="bbox 1686 1138 1726 1170">
    <p class='ocr_par' dir='ltr' id='par_1_18' title="bbox 1686 1138 1726 1170">
     <span class='ocr_line' id='line_1_83' title="bbox 1686 1138 1726 1170; baseline 0 0"><span class='ocrx_word' id='word_1_535' title='bbox 1686 1138 1726 1170; x_wconf 86' lang='lat'>15</span> 
     </span>
    </p>
   </div>
   <div class='ocr_carea' id='block_1_19' title="bbox 1737 2432 1746 2707">
    <p class='ocr_par' dir='ltr' id='par_1_19' title="bbox 1737 2432 1746 2707">
     <span class='ocr_line' id='line_1_84' title="bbox 1738 2432 1746 2560; baseline 0 0"><span class='ocrx_word' id='word_1_536' title='bbox 1738 2432 1746 2560; x_wconf 76' lang='lat' dir='ltr'>l</span> 
     </span>
     <span class='ocr_line' id='line_1_85' title="bbox 1737 2572 1745 2707; baseline 0 -55"><span class='ocrx_word' id='word_1_537' title='bbox 1737 2572 1745 2707; x_wconf 50' lang='grc' dir='ltr'><em>ξ</em></span> 
     </span>
    </p>
   </div>
  </div>
 </body>
</html>
