1784 2967
256 277 304 317 16

707 274 833 308 LIBER
858 275 999 309 XXVII.
1037 275 1130 308 CAP.
1158 275 1189 308 6.

1515 294 1541 312 a.
1554 294 1581 312 u.
1597 287 1659 313 544.

203 390 224 422 6
251 378 375 431 ipsius
397 377 495 417 ratio
518 376 743 426 haberetur,
774 377 940 417 comitiis
971 390 1012 417 se
1039 390 1189 417 moram
1218 377 1459 418 nonfacere.
1500 379 1664 419 dictator

254 447 410 474 causam
438 433 686 473 comitiorum
716 434 941 475 auctoritate
969 440 1147 483 senatus,
1173 434 1295 486 plebis
1325 435 1446 481 scito,
1474 436 1662 487 exemplis

207 500 226 531 7
255 491 463 530 tutabatur.
506 502 674 542 namque
696 491 762 530 Cn.
786 491 946 530 Servilio
969 491 1140 539 consule,
1162 504 1249 531 cum
1273 491 1312 530 C.
1337 491 1547 531 Flaminius
1569 493 1665 532 alter

254 547 390 586 consul
419 547 466 586 ad
496 547 809 586 Trasumennum
840 547 1059 595 cecidisset,
1095 561 1140 587 ex
1175 548 1404 599 auctoritate
1431 553 1588 599 patrum
1617 549 1664 588 ad

253 604 402 655 plebem
419 603 551 651 latum,
569 604 796 655 plebemque
815 604 985 652 scivisse,
1002 609 1056 652 ut,
1075 605 1203 656 quoad
1221 604 1364 644 bellum
1381 604 1420 643 in
1432 605 1535 644 Italia
1552 610 1666 652 esset,

254 673 298 699 ex
319 660 386 709 iis,
416 660 480 712 qui
503 661 682 700 consules
711 661 900 708 fuissent,
929 673 1028 711 quos
1057 666 1095 700 et
1121 661 1302 712 quotiens
1325 661 1449 708 vellet,
1469 661 1664 701 reficiendi

206 725 226 758 8
255 717 436 757 consules
465 717 611 768 populo
633 717 693 756 ius
717 722 834 756 esset.
875 717 1172 769 exemplumque
1193 718 1233 756 in
1253 730 1336 757 eam
1358 730 1441 757 rem
1464 730 1504 757 se
1525 718 1666 757 habere

253 778 362 813 vetus
383 774 425 812 L.
444 773 623 813 Postumi
641 773 798 823 Megelli,
821 773 886 824 qui
906 773 1075 813 interrex
1094 774 1140 813 iis
1163 774 1345 821 comitiis,
1369 787 1468 826 quae
1490 774 1575 826 ipse
1596 775 1667 814 ha-

251 830 422 875 buisset,
460 830 598 868 consul
635 842 724 868 cum
762 830 802 868 C.
834 829 944 869 Iunio
974 830 1147 870 Bubulco
1185 836 1335 870 creatus
1372 836 1494 879 esset3
1529 843 1666 870 recens

256 887 301 933 Q.
323 886 446 932 Fabii,
476 887 540 937 qui
567 885 639 924 sibi
667 886 881 925 continuari
909 887 1172 933 consulatum,
1203 887 1279 926 nisi
1308 887 1344 926 id
1375 887 1480 927 bono
1509 887 1665 939 publico

204 952 224 983 9
254 944 371 989 fieret,
402 943 576 993 profecto
603 954 818 993 numquam
841 943 965 981 sisset.
1008 943 1053 982 iis
1078 944 1321 983 emtionibus
1344 956 1432 983 cum
1457 944 1523 983 diu
1545 949 1668 983 certa-

253 1005 337 1038 tum
356 1005 469 1045 esset,
492 1004 693 1050 postremo
716 1000 767 1038 ita
787 999 888 1038 inter
909 1000 1135 1038 dictatorem
1158 1013 1202 1038 ac
1218 1000 1396 1039 tribunos
1414 1000 1604 1048 convenit,
1624 1006 1667 1040 ut

186 1063 227 1095 10
256 1068 315 1104 eo,
338 1056 442 1107 quod
462 1055 679 1094 censuisset
695 1062 865 1103 senatus,
885 1061 1064 1095 staretur.
1101 1056 1276 1107 patribus
1295 1057 1332 1096 id
1349 1062 1504 1108 tempus
1523 1057 1577 1096 rei
1594 1069 1667 1108 pu—

254 1112 377 1151 blicae
400 1112 524 1151 visum
547 1117 622 1158 est,
654 1117 696 1151 ut
717 1124 786 1163 per
807 1118 953 1152 veteres
977 1118 1014 1152 et
1034 1118 1215 1164 expertos
1237 1113 1571 1164 bellique-peritos
1592 1114 1668 1152 im-

255 1174 454 1220 peratores
477 1181 537 1207 res
562 1169 710 1220 publica
732 1174 947 1220 gereretur:
975 1170 1102 1221 itaque
1122 1181 1274 1209 moram
1296 1170 1378 1208 fieri
1400 1170 1566 1209 comitiis
1589 1182 1668 1209 non
1698 1179 1753 1211 15ι

185 1235 224 1267 11
260 1226 423 1277 placere.
465 1225 765 1264 concedentibus
786 1226 956 1265 tribunis
978 1226 1133 1265 comitia
1155 1226 1300 1273 habita;
1323 1226 1500 1265 declarati
1523 1238 1671 1266 consu-

187 1278 227 1322 12
255 1282 309 1321 les
332 1282 376 1329 Q.
401 1281 541 1320 Fabius
564 1282 752 1321 Maximus
788 1295 809 1320 v
838 1283 883 1330 Q.
906 1282 1062 1322 Fulvius
1085 1283 1244 1322 Flaccus
1269 1295 1319 1321 1v.
1362 1288 1561 1333 praetores
1583 1283 1671 1322 inde

259 1339 374 1378 creati
395 1339 436 1377 L.
461 1338 638 1377 Veturius
662 1338 772 1377 Philo
795 1339 838 1377 T.
860 1339 1065 1386 Quinctius
1088 1339 1292 1390 Crispinus
1315 1338 1354 1378 C.
1378 1339 1565 1378 Hostilius
1587 1339 1671 1378 Tu—

258 1395 374 1434 bulus
397 1395 435 1434 C.
458 1395 752 1434 Aurunculeius.
795 1395 1086 1446 magistratibus
1114 1395 1154 1434 in
1182 1407 1328 1435 annum
1351 1396 1486 1435 creatis
1510 1396 1555 1443 Q.
1577 1395 1670 1435 Ful—

191 1517 230 1550 13

258 1452 342 1490 vius
367 1452 555 1490 dictatura
577 1465 618 1490 se
639 1451 836 1492 abdicavit.

373 1508 556 1547 Extremo
594 1509 748 1547 aestatis
787 1508 901 1547 huius
940 1508 1072 1547 classis
1102 1508 1246 1548 Punica
1273 1508 1429 1548 navium
1457 1521 1555 1547 xxxx
1584 1520 1674 1547 cum

260 1619 454 1652 Gew'ahlten
465 1620 615 1651 hindern.
634 1620 693 1651 Die
707 1619 932 1657 Intercession

258 1666 345 1697 kann
359 1665 431 1696 also
447 1666 642 1705 (hiergegen
653 1665 725 1696 eine
735 1666 931 1697 Beschluss—

258 1709 396 1751 fassung
426 1711 455 1741 in
480 1711 610 1742 comitia
635 1712 836 1751 centuriata,
866 1711 930 1742 wie

258 1756 289 1796 4,
321 1756 381 1795 50,
408 1755 439 1795 6,
463 1755 504 1786 35
535 1767 566 1786 u.
591 1756 646 1795 21,),
672 1756 754 1787 auch
774 1756 931 1787 nachdem

259 1801 383 1832 bereits
419 1801 471 1832 die
499 1801 730 1840 Abstimmung
759 1801 929 1840 begonnen

261 1847 362 1886 batte,
382 1845 544 1886 erffflgen,
563 1856 632 1877 was
647 1845 712 1877 Cic.
728 1845 826 1878 Corn.
846 1844 930 1887 frag.

262 1890 780 1933 13‚Asc0niusp.TOzuliiugnen
791 1892 931 1934 scheint,

257 1936 370 1976 Lange
388 1936 419 1977 2,
437 1936 520 1974 4523
539 1936 617 1967 421.
633 1954 678 1959 ——
694 1947 825 1969 moram
839 1948 871 1968 n.
886 1937 931 1978 fl,

259 1982 310 2013 die
330 1981 430 2013 Wahl
449 1982 538 2013 nicht
555 1980 722 2013 aufhalten
738 1992 764 2022 s,
780 1981 810 2020 S,
826 1981 879 2021 35,
899 1981 929 2013 8.

304 2026 404 2057 6-8.
430 2037 569 2058 causam
587 2037 683 2067 com„
702 2027 771 2066 das,
790 2037 843 2058 ulll
860 2037 929 2058 was

259 2082 294 2102 es
318 2071 387 2102 sich
406 2071 436 2102 in
456 2072 518 2102 den
538 2071 655 2102 C01nit.
675 2071 846 2110 handelte,
871 2072 929 2102 das

258 2114 445 2148 Versahren
462 2116 492 2147 in
508 2116 928 2148 denselben.—auct0r.s.

258 2172 289 2193 u.
307 2161 528 2205 pleb.sc.sind
543 2161 594 2192 die
608 2161 650 2192 im
665 2161 759 2201 Folg.
776 2161 930 2192 erwiihn-

258 2211 334 2245 ten3
369 2206 482 2237 beides
513 2207 568 2237 hat
596 2205 633 2237 L.
665 2207 706 2237 im
737 2206 791 2237 22.
820 2206 928 2237 Buche

258 2251 491 2292 iibergangen,
509 2262 535 2283 s.
556 2251 609 2292 22,
629 2251 682 2291 35,
702 2251 740 2290 3,
766 2250 879 2291 Lange
898 2250 929 2290 2,

260 2296 336 2328 601.
388 2297 497 2328 Durcl]
539 2296 590 2328 die
625 2296 836 2336 Eriirterung
871 2296 932 2328 der

258 2341 368 2381 Frage
389 2342 604 2373 verwandeln
619 2342 686 2373 sich
701 2342 753 2373 die
769 2341 930 2372 Comitien

260 2387 385 2417 wieder
403 2387 433 2417 in
453 2387 525 2418 eine
541 2388 668 2425 contio,
686 2387 768 2418 iiber
780 2387 930 2418 {ihnliche

260 2431 574 2471 Unterbrechungen
605 2442 631 2463 s.
658 2432 711 2471 26,
736 2432 794 2470 22,
821 2431 872 2472 24,
897 2431 928 2462 8.

258 2494 301 2499 —-
320 2488 401 2518 quos
415 2480 448 2508 et
465 2480 565 2518 quot„
584 2487 619 2508 es
635 2478 771 2509 wurden
786 2477 930 2508 dadurch

260 2522 311 2552 die
327 2522 354 2561 7,
369 2522 410 2552 42
427 2533 434 2559 3
457 2522 506 2561 10,
527 2522 563 2552 15
578 2522 767 2562 gegebenen
784 2521 928 2553 Gesetze

261 2567 452 2607 suspendii-t
486 2568 550 2597 und
586 2567 727 2599 indirect
760 2567 840 2599 auch
877 2567 928 2597 die

262 2610 361 2641 Vv‘ahl
391 2612 448 2642 des
479 2612 723 2643 Vorsitzenden
755 2616 927 2652 gestattet.

260 2672 303 2676 ——
321 2657 355 2686 in
381 2667 452 2687 eam
472 2667 514 2697 7·.,
532 2656 586 2687 fiir
603 2657 711 2688 dieses
730 2656 927 2689 Verfahren.

260 2716 304 2721 -
320 2703 414 2732 retus
439 2712 512 2733 vom
537 2701 565 2733 J.
593 2702 653 2733 291
681 2712 709 2733 a.
729 2702 797 2744 Ch„
824 2702 933 2733 walir-

1005 1620 1184 1652 scheinlich
1203 1621 1244 1652 im
1262 1620 1312 1652 11.
1328 1621 1436 1652 Buche
1450 1621 1612 1652 erwiihnt.
1633 1639 1677 1643 —-

1004 1676 1132 1707 recens,
1158 1666 1212 1707 24,
1232 1666 1263 1706 9,
1281 1665 1317 1704 3,
1341 1666 1391 1697 10.
1408 1683 1453 1689 -
1470 1666 1553 1697 bono
1571 1665 1677 1709 pubL,

1005 1710 1059 1751 28,
1074 1711 1125 1753 41,
1145 1711 1175 1742 2.
1194 1712 1363 1753 —fier·et,
1380 1711 1566 1752 iiberhaupt
1578 1715 1677 1742 unte:-

1005 1756 1065 1787 den
1084 1756 1276 1796 gegebenen
1295 1756 1561 1788 Verh'altnissen.

1051 1800 1186 1833 9—12.
1223 1804 1391 1842 staretur,
1427 1801 1522 1832 dabei
1558 1801 1675 1832 steheu

1003 1845 1149 1886 bleiben,
1185 1847 1253 1878 sich
1284 1846 1460 1886 beruhigen
1491 1846 1602 1877 wolle.
1631 1864 1677 1868 —-

1004 1890 1676 1969 &raittssss‘ssz‘hffffl'tgssfiltsszlessssklssi}

1003 1982 1055 2013 die
1074 1982 1164 2022 jetzt
1187 1992 1224 2013 so
1250 1982 1475 2022 gewo'hnliche
1490 1981 1676 2021 Verliinge-

1003 2037 1088 2066 rung
1112 2028 1169 2058 des
1194 2027 1375 2068 Imperium.
1399 2045 1442 2049 —
1459 2037 1515 2059 res
1536 2037 1571 2069 p.
1586 2036 1675 2067 ger„

1002 2071 1184 2103 besonders
1210 2072 1269 2102 der
1287 2071 1399 2112 Hrieg.
1418 2081 1445 2103 s.
1464 2082 1493 2102 c.
1511 2071 1565 2111 40,
1584 2070 1622 2109 23
1642 2070 1674 2111 2,

1004 2116 1057 2156 64,
1083 2116 1119 2153 5,
1147 2116 1201 2155 28,
1225 2116 1254 2156 9,
1280 2116 1320 2155 4,
1348 2115 1400 2159 30,
1424 2115 1454 2156 2,
1480 2117 1522 2154 7,
1550 2116 1593 2147 ib.
1619 2116 1674 2156 41,

1002 2160 1040 2200 9,
1068 2161 1150 2192 iiber
1174 2162 1230 2192 das
1247 2159 1374 2203 imperf.
1392 2161 1477 2203 conj.
1496 2160 1550 2201 21,
1569 2160 1622 2200 36,
1643 2161 1674 2192 4.

1002 2224 1046 2228 -
1064 2206 1270 2246 concedent„
1294 2211 1390 2238 sonst
1412 2209 1446 2238 in
1471 2208 1676 2239 auctoritate

1003 2254 1144 2283 senatus
1169 2262 1259 2283 esse:
1286 2252 1486 2292 naebgabeu.
1506 2269 1548 2274 ——
1565 2250 1674 2283 decla-

1005 2298 1075 2328 rati
1097 2311 1142 2323 =
1164 2299 1365 2338 renuntiati,
1390 2307 1416 2329 s.
1445 2297 1472 2337 1,
1495 2295 1613 2338 18,10.
1631 2314 1674 2318 --

1005 2341 1153 2383 V—lV,
1189 2342 1241 2382 24,
1267 2342 1304 2380 9,
1338 2342 1393 2382 25,
1418 2341 1449 2373 3.
1472 2359 1516 2365 —
1540 2341 1672 2382 Vetma,

1005 2387 1064 2417 der
1081 2386 1168 2417 Sohn
1185 2388 1242 2418 des
1257 2385 1277 2428 ξ
1298 2387 1336 2418 17
1351 2391 1550 2427 genannten,
1569 2386 1622 2426 24,
1642 2386 1673 2424 9,

1003 2431 1034 2463 4.
1051 2450 1095 2454 -
1111 2433 1144 2463 in
1162 2443 1229 2473 an„
1252 2442 1279 2463 s.
1308 2442 1336 2463 c.
1354 2432 1384 2471 4,
1403 2432 1433 2473 2,
1458 2432 1501 2463 ist
1518 2432 1589 2462 hier
1607 2430 1673 2462 on

1003 2475 1234 2517 hinzugeffigt,
1260 2477 1336 2508 weil
1359 2478 1419 2508 der
1438 2477 1588 2508 Dictator
1611 2486 1674 2507 nur

1001 2520 1056 2553 fiir
1069 2523 1182 2553 dlesen
1202 2521 1325 2553 Zweck
1342 2526 1484 2553 ernannt
1502 2531 1582 2552 war.

1052 2567 1206 2598 13—14.
1234 2569 1403 2608 emtremo,
1424 2567 1523 2597 sehon
1543 2576 1570 2597 c.
1591 2566 1622 2605 4,
1643 2565 1673 2597 1.
1736 2578 1747 2588 ·

1003 2614 1161 2651 traiecta,
1191 2623 1218 2643 s.
1249 2611 1302 2651 28,
1326 2611 1378 2650 36,
1410 2611 1444 2642 1:
1471 2611 1612 2642 classem
1629 2628 1674 2634 —

1004 2659 1186 2695 traicerem
1213 2656 1266 2696 30,
1292 2656 1346 2695 24,
1375 2656 1433 2695 11,
1461 2656 1513 2694 28,
1539 2655 1589 2694 18,
1610 2655 1671 2686 10:

1004 2703 1181 2734 traiecisse
1206 2713 1293 2743 sese,
1324 2701 1472 2742 h'aufiger
1500 2701 1605 2732 heisst
1635 2710 1670 2731 es

1700 1461 1741 1493 20
