<?xml version="1.0" encoding="UTF-8"?>
<!DOCTYPE html PUBLIC "-//W3C//DTD XHTML 1.0 Transitional//EN"
    "http://www.w3.org/TR/xhtml1/DTD/xhtml1-transitional.dtd">
<html xmlns="http://www.w3.org/1999/xhtml" xml:lang="en" lang="en">
 <head>
  <title>
</title>
<meta http-equiv="Content-Type" content="text/html;charset=utf-8" />
  <meta name='ocr-system' content='tesseract 3.04.00' />
  <meta name='ocr-capabilities' content='ocr_page ocr_carea ocr_par ocr_line ocrx_word'/>
</head>
<body>
  <div class='ocr_page' id='page_1' title='image "./aburbeconditalib0506livyuoft_0691.png"; bbox 0 0 1784 2967; ppageno 0'>
   <div class='ocr_carea' id='block_1_1' title="bbox 54 841 94 873">
    <p class='ocr_par' dir='ltr' id='par_1_1' title="bbox 54 841 94 873">
     <span class='ocr_line' id='line_1_1' title="bbox 54 841 94 873; baseline -0.025 0"><span class='ocrx_word' id='word_1_1' title='bbox 54 841 94 873; x_wconf 81' lang='lat'>10</span> 
     </span>
    </p>
   </div>
   <div class='ocr_carea' id='block_1_2' title="bbox 51 1123 91 1156">
    <p class='ocr_par' dir='ltr' id='par_1_2' title="bbox 51 1123 91 1156">
     <span class='ocr_line' id='line_1_2' title="bbox 51 1123 91 1156; baseline -0.025 0"><span class='ocrx_word' id='word_1_2' title='bbox 51 1123 91 1156; x_wconf 89' lang='grc'>15</span> 
     </span>
    </p>
   </div>
   <div class='ocr_carea' id='block_1_3' title="bbox 47 1405 90 1439">
    <p class='ocr_par' dir='ltr' id='par_1_3' title="bbox 47 1405 90 1439">
     <span class='ocr_line' id='line_1_3' title="bbox 47 1405 90 1439; baseline -0.023 0"><span class='ocrx_word' id='word_1_3' title='bbox 47 1405 90 1439; x_wconf 84' lang='grc'>20</span> 
     </span>
    </p>
   </div>
   <div class='ocr_carea' id='block_1_4' title="bbox 115 226 1524 1508">
    <p class='ocr_par' dir='ltr' id='par_1_4' title="bbox 115 226 1524 1394">
     <span class='ocr_line' id='line_1_4' title="bbox 121 226 1523 266; baseline -0.002 -4"><span class='ocrx_word' id='word_1_4' title='bbox 121 244 146 262; x_wconf 66' lang='lat'>2.</span> <span class='ocrx_word' id='word_1_5' title='bbox 165 237 218 263; x_wconf 71' lang='lat' dir='ltr'>cn.</span> <span class='ocrx_word' id='word_1_6' title='bbox 235 238 295 262; x_wconf 81' lang='lat'>204.</span> <span class='ocrx_word' id='word_1_7' title='bbox 544 227 670 259; x_wconf 81' lang='lat' dir='ltr'>LIBER</span> <span class='ocrx_word' id='word_1_8' title='bbox 694 226 825 259; x_wconf 78' lang='lat' dir='ltr'>xxix.</span> <span class='ocrx_word' id='word_1_9' title='bbox 874 227 966 259; x_wconf 76' lang='lat' dir='ltr'>CAP.</span> <span class='ocrx_word' id='word_1_10' title='bbox 993 227 1046 259; x_wconf 73' lang='lat'>28.</span> <span class='ocrx_word' id='word_1_11' title='bbox 1072 227 1124 260; x_wconf 76' lang='lat'>29.</span> <span class='ocrx_word' id='word_1_12' title='bbox 1445 228 1523 266; x_wconf 79' lang='lat'>303</span> 
     </span>
     <span class='ocr_line' id='line_1_5' title="bbox 122 327 1524 380; baseline 0 -12"><span class='ocrx_word' id='word_1_13' title='bbox 122 329 202 368; x_wconf 85' lang='lat' dir='ltr'>lum</span> <span class='ocrx_word' id='word_1_14' title='bbox 223 335 258 368; x_wconf 83' lang='lat' dir='ltr'>et</span> <span class='ocrx_word' id='word_1_15' title='bbox 275 328 314 367; x_wconf 93' lang='lat' dir='ltr'>L.</span> <span class='ocrx_word' id='word_1_16' title='bbox 337 328 530 368; x_wconf 71' lang='lat' dir='ltr'>Manlium</span> <span class='ocrx_word' id='word_1_17' title='bbox 551 329 746 375; x_wconf 82' lang='lat' dir='ltr'>consules,</span> <span class='ocrx_word' id='word_1_18' title='bbox 773 327 884 367; x_wconf 89' lang='lat' dir='ltr'>annis</span> <span class='ocrx_word' id='word_1_19' title='bbox 907 341 1029 380; x_wconf 82' lang='lat' dir='ltr'>prope</span> <span class='ocrx_word' id='word_1_20' title='bbox 1050 328 1344 380; x_wconf 84' lang='lat' dir='ltr'>quinquaginta,</span> <span class='ocrx_word' id='word_1_21' title='bbox 1377 329 1524 379; x_wconf 81' lang='lat' dir='ltr'>nullum</span> 
     </span>
     <span class='ocr_line' id='line_1_6' title="bbox 121 385 1522 437; baseline 0 -13"><span class='ocrx_word' id='word_1_22' title='bbox 121 385 339 424; x_wconf 89' lang='lat' dir='ltr'>Romanum</span> <span class='ocrx_word' id='word_1_23' title='bbox 368 385 577 424; x_wconf 87' lang='lat' dir='ltr'>exercitum</span> <span class='ocrx_word' id='word_1_24' title='bbox 605 385 778 423; x_wconf 88' lang='lat' dir='ltr'>viderant</span> <span class='ocrx_word' id='word_1_25' title='bbox 798 391 948 435; x_wconf 87' lang='lat' dir='ltr'>praeter</span> <span class='ocrx_word' id='word_1_26' title='bbox 968 386 1231 436; x_wconf 86' lang='lat' dir='ltr'>praedatorias</span> <span class='ocrx_word' id='word_1_27' title='bbox 1254 386 1414 433; x_wconf 84' lang='lat' dir='ltr'><strong>classes,</strong></span> <span class='ocrx_word' id='word_1_28' title='bbox 1437 387 1522 437; x_wconf 91' lang='lat' dir='ltr'>qui-</span> 
     </span>
     <span class='ocr_line' id='line_1_7' title="bbox 121 441 1524 493; baseline 0.001 -13"><span class='ocrx_word' id='word_1_29' title='bbox 121 442 195 481; x_wconf 90' lang='lat' dir='ltr'>bus</span> <span class='ocrx_word' id='word_1_30' title='bbox 217 441 464 480; x_wconf 79' lang='lat' dir='ltr'>escensiones</span> <span class='ocrx_word' id='word_1_31' title='bbox 485 442 523 480; x_wconf 91' lang='lat' dir='ltr'>in</span> <span class='ocrx_word' id='word_1_32' title='bbox 545 453 657 491; x_wconf 85' lang='lat' dir='ltr'>agros</span> <span class='ocrx_word' id='word_1_33' title='bbox 678 441 801 479; x_wconf 87' lang='lat' dir='ltr'>factae</span> <span class='ocrx_word' id='word_1_34' title='bbox 822 447 941 487; x_wconf 86' lang='lat' dir='ltr'>erant,</span> <span class='ocrx_word' id='word_1_35' title='bbox 969 442 1176 493; x_wconf 82' lang='lat' dir='ltr'>raptisque,</span> <span class='ocrx_word' id='word_1_36' title='bbox 1199 454 1294 493; x_wconf 87' lang='lat' dir='ltr'>quae</span> <span class='ocrx_word' id='word_1_37' title='bbox 1312 442 1421 482; x_wconf 91' lang='lat' dir='ltr'>obvia</span> <span class='ocrx_word' id='word_1_38' title='bbox 1441 443 1524 481; x_wconf 86' lang='lat' dir='ltr'>fors</span> 
     </span>
     <span class='ocr_line' id='line_1_8' title="bbox 120 497 1523 550; baseline 0.001 -14"><span class='ocrx_word' id='word_1_39' title='bbox 120 497 270 544; x_wconf 83' lang='lat' dir='ltr'>fecerat,</span> <span class='ocrx_word' id='word_1_40' title='bbox 285 498 393 549; x_wconf 89' lang='lat' dir='ltr'>prius</span> <span class='ocrx_word' id='word_1_41' title='bbox 404 510 605 537; x_wconf 84' lang='lat' dir='ltr'>recursum</span> <span class='ocrx_word' id='word_1_42' title='bbox 616 509 771 548; x_wconf 89' lang='lat' dir='ltr'>semper</span> <span class='ocrx_word' id='word_1_43' title='bbox 782 497 829 536; x_wconf 85' lang='lat' dir='ltr'>ad</span> <span class='ocrx_word' id='word_1_44' title='bbox 842 509 967 545; x_wconf 86' lang='lat' dir='ltr'>naves,</span> <span class='ocrx_word' id='word_1_45' title='bbox 980 511 1093 549; x_wconf 89' lang='lat' dir='ltr'>quam</span> <span class='ocrx_word' id='word_1_46' title='bbox 1104 499 1248 537; x_wconf 89' lang='lat' dir='ltr'>clamor</span> <span class='ocrx_word' id='word_1_47' title='bbox 1256 499 1415 550; x_wconf 85' lang='lat' dir='ltr'>agrestis</span> <span class='ocrx_word' id='word_1_48' title='bbox 1427 511 1523 538; x_wconf 91' lang='lat' dir='ltr'>con-</span> 
     </span>
     <span class='ocr_line' id='line_1_9' title="bbox 122 554 1524 606; baseline 0.001 -14"><span class='ocrx_word' id='word_1_49' title='bbox 122 554 225 601; x_wconf 86' lang='lat' dir='ltr'>ciret,</span> <span class='ocrx_word' id='word_1_50' title='bbox 244 555 386 593; x_wconf 86' lang='lat' dir='ltr'>fuerat:</span> <span class='ocrx_word' id='word_1_51' title='bbox 414 566 459 592; x_wconf 89' lang='lat' dir='ltr'>eo</span> <span class='ocrx_word' id='word_1_52' title='bbox 482 554 605 592; x_wconf 86' lang='lat' dir='ltr'>maior</span> <span class='ocrx_word' id='word_1_53' title='bbox 625 559 708 592; x_wconf 90' lang='lat' dir='ltr'>tum</span> <span class='ocrx_word' id='word_1_54' title='bbox 729 554 817 604; x_wconf 81' lang='lat' dir='ltr'>fuga</span> <span class='ocrx_word' id='word_1_55' title='bbox 840 567 1035 606; x_wconf 85' lang='lat' dir='ltr'>pavorque</span> <span class='ocrx_word' id='word_1_56' title='bbox 1060 556 1100 593; x_wconf 91' lang='lat' dir='ltr'>in</span> <span class='ocrx_word' id='word_1_57' title='bbox 1122 555 1216 593; x_wconf 88' lang='lat' dir='ltr'>urbe</span> <span class='ocrx_word' id='word_1_58' title='bbox 1243 555 1326 594; x_wconf 84' lang='lat' dir='ltr'>fuit.</span> <span class='ocrx_word' id='word_1_59' title='bbox 1375 560 1411 594; x_wconf 90' lang='lat' dir='ltr'>et</span> <span class='ocrx_word' id='word_1_60' title='bbox 1431 556 1524 594; x_wconf 90' lang='lat' dir='ltr'>her-</span> 
     </span>
     <span class='ocr_line' id='line_1_10' title="bbox 121 610 1522 663; baseline 0.001 -14"><span class='ocrx_word' id='word_1_61' title='bbox 121 611 204 650; x_wconf 85' lang='lat' dir='ltr'>cule</span> <span class='ocrx_word' id='word_1_62' title='bbox 223 623 348 662; x_wconf 84' lang='lat' dir='ltr'>neque</span> <span class='ocrx_word' id='word_1_63' title='bbox 370 610 558 649; x_wconf 84' lang='lat' dir='ltr'>exercitus</span> <span class='ocrx_word' id='word_1_64' title='bbox 580 610 685 649; x_wconf 90' lang='lat' dir='ltr'>domi</span> <span class='ocrx_word' id='word_1_65' title='bbox 707 611 852 650; x_wconf 82' lang='lat' dir='ltr'>validus</span> <span class='ocrx_word' id='word_1_66' title='bbox 874 623 997 662; x_wconf 89' lang='lat' dir='ltr'>neque</span> <span class='ocrx_word' id='word_1_67' title='bbox 1019 611 1107 658; x_wconf 84' lang='lat' dir='ltr'>dux,</span> <span class='ocrx_word' id='word_1_68' title='bbox 1129 623 1242 662; x_wconf 89' lang='lat' dir='ltr'>quem</span> <span class='ocrx_word' id='word_1_69' title='bbox 1266 618 1522 663; x_wconf 86' lang='lat' dir='ltr'>opponerent,</span> 
     </span>
     <span class='ocr_line' id='line_1_11' title="bbox 120 667 1523 718; baseline 0.001 -13"><span class='ocrx_word' id='word_1_70' title='bbox 120 671 211 706; x_wconf 82' lang='lat' dir='ltr'>erat.</span> <span class='ocrx_word' id='word_1_71' title='bbox 251 667 483 712; x_wconf 81' lang='lat' dir='ltr'>Hasdrubal,</span> <span class='ocrx_word' id='word_1_72' title='bbox 514 667 694 717; x_wconf 81' lang='lat' dir='ltr'>Gisgonis</span> <span class='ocrx_word' id='word_1_73' title='bbox 716 667 835 713; x_wconf 89' lang='lat' dir='ltr'>filius,</span> <span class='ocrx_word' id='word_1_74' title='bbox 865 680 1003 718; x_wconf 83' lang='lat' dir='ltr'>genere</span> <span class='ocrx_word' id='word_1_75' title='bbox 1028 668 1128 707; x_wconf 81' lang='lat' dir='ltr'>fama</span> <span class='ocrx_word' id='word_1_76' title='bbox 1158 667 1297 706; x_wconf 87' lang='lat' dir='ltr'>divitiis</span> <span class='ocrx_word' id='word_1_77' title='bbox 1318 668 1420 718; x_wconf 85' lang='lat' dir='ltr'>regia</span> <span class='ocrx_word' id='word_1_78' title='bbox 1440 673 1523 707; x_wconf 90' lang='lat' dir='ltr'>tum</span> 
     </span>
     <span class='ocr_line' id='line_1_12' title="bbox 120 723 1523 776; baseline 0.001 -15"><span class='ocrx_word' id='word_1_79' title='bbox 120 724 233 762; x_wconf 79' lang='lat' dir='ltr'>etiam</span> <span class='ocrx_word' id='word_1_80' title='bbox 261 723 452 762; x_wconf 84' lang='lat' dir='ltr'>adfinitate</span> <span class='ocrx_word' id='word_1_81' title='bbox 478 723 592 774; x_wconf 86' lang='lat' dir='ltr'>longe</span> <span class='ocrx_word' id='word_1_82' title='bbox 622 724 771 774; x_wconf 87' lang='lat' dir='ltr'>primus</span> <span class='ocrx_word' id='word_1_83' title='bbox 795 724 954 763; x_wconf 86' lang='lat' dir='ltr'>civitatis</span> <span class='ocrx_word' id='word_1_84' title='bbox 976 729 1071 770; x_wconf 86' lang='lat' dir='ltr'>erat;</span> <span class='ocrx_word' id='word_1_85' title='bbox 1094 725 1159 763; x_wconf 90' lang='lat' dir='ltr'>sed</span> <span class='ocrx_word' id='word_1_86' title='bbox 1182 736 1270 763; x_wconf 91' lang='lat' dir='ltr'>eum</span> <span class='ocrx_word' id='word_1_87' title='bbox 1292 724 1337 763; x_wconf 89' lang='lat' dir='ltr'>ab</span> <span class='ocrx_word' id='word_1_88' title='bbox 1359 725 1421 763; x_wconf 92' lang='lat' dir='ltr'>illo</span> <span class='ocrx_word' id='word_1_89' title='bbox 1442 726 1523 776; x_wconf 72' lang='lat' dir='ltr'>ipso</span> 
     </span>
     <span class='ocr_line' id='line_1_13' title="bbox 120 779 1523 831; baseline 0.001 -14"><span class='ocrx_word' id='word_1_90' title='bbox 120 779 299 831; x_wconf 87' lang='lat' dir='ltr'>Scipione</span> <span class='ocrx_word' id='word_1_91' title='bbox 320 779 464 830; x_wconf 79' lang='lat' dir='ltr'>aliquot</span> <span class='ocrx_word' id='word_1_92' title='bbox 485 780 642 831; x_wconf 91' lang='lat' dir='ltr'>proeliis</span> <span class='ocrx_word' id='word_1_93' title='bbox 663 780 795 819; x_wconf 88' lang='lat' dir='ltr'>fusum</span> <span class='ocrx_word' id='word_1_94' title='bbox 817 780 1049 831; x_wconf 89' lang='lat' dir='ltr'>pulsumque</span> <span class='ocrx_word' id='word_1_95' title='bbox 1070 781 1109 819; x_wconf 92' lang='lat' dir='ltr'>in</span> <span class='ocrx_word' id='word_1_96' title='bbox 1132 780 1312 831; x_wconf 80' lang='lat' dir='ltr'>Hispania</span> <span class='ocrx_word' id='word_1_97' title='bbox 1336 782 1523 820; x_wconf 91' lang='lat' dir='ltr'>memine-</span> 
     </span>
     <span class='ocr_line' id='line_1_14' title="bbox 119 836 1524 888; baseline 0.001 -13"><span class='ocrx_word' id='word_1_98' title='bbox 119 841 216 881; x_wconf 84' lang='lat' dir='ltr'>rant,</span> <span class='ocrx_word' id='word_1_99' title='bbox 239 847 309 874; x_wconf 89' lang='lat' dir='ltr'>nec</span> <span class='ocrx_word' id='word_1_100' title='bbox 325 836 445 886; x_wconf 82' lang='lat' dir='ltr'>magis</span> <span class='ocrx_word' id='word_1_101' title='bbox 462 836 598 875; x_wconf 86' lang='lat' dir='ltr'>ducem</span> <span class='ocrx_word' id='word_1_102' title='bbox 617 837 706 875; x_wconf 79' lang='lat' dir='ltr'>duci</span> <span class='ocrx_word' id='word_1_103' title='bbox 719 849 852 887; x_wconf 90' lang='lat' dir='ltr'>parem</span> <span class='ocrx_word' id='word_1_104' title='bbox 871 849 985 888; x_wconf 85' lang='lat' dir='ltr'>quam</span> <span class='ocrx_word' id='word_1_105' title='bbox 1001 837 1294 876; x_wconf 85' lang='lat' dir='ltr'>tumultuarium</span> <span class='ocrx_word' id='word_1_106' title='bbox 1313 837 1524 876; x_wconf 85' lang='lat' dir='ltr'>exercitum</span> 
     </span>
     <span class='ocr_line' id='line_1_15' title="bbox 118 892 1521 945; baseline 0.002 -16"><span class='ocrx_word' id='word_1_107' title='bbox 118 904 234 930; x_wconf 87' lang='lat' dir='ltr'>suum</span> <span class='ocrx_word' id='word_1_108' title='bbox 260 892 438 930; x_wconf 85' lang='lat' dir='ltr'>Romano</span> <span class='ocrx_word' id='word_1_109' title='bbox 468 892 649 931; x_wconf 81' lang='lat' dir='ltr'>exercitui</span> <span class='ocrx_word' id='word_1_110' title='bbox 677 905 775 931; x_wconf 86' lang='lat' dir='ltr'>esse.</span> <span class='ocrx_word' id='word_1_111' title='bbox 823 893 951 944; x_wconf 89' lang='lat' dir='ltr'>itaque</span> <span class='ocrx_word' id='word_1_112' title='bbox 978 893 1080 932; x_wconf 89' lang='lat' dir='ltr'>velut</span> <span class='ocrx_word' id='word_1_113' title='bbox 1108 895 1139 932; x_wconf 90' lang='lat' dir='ltr'>si</span> <span class='ocrx_word' id='word_1_114' title='bbox 1166 893 1303 932; x_wconf 87' lang='lat' dir='ltr'>urbem</span> <span class='ocrx_word' id='word_1_115' title='bbox 1331 895 1521 945; x_wconf 86' lang='lat' dir='ltr'>extemplo</span> 
     </span>
     <span class='ocr_line' id='line_1_16' title="bbox 118 948 1522 1000; baseline 0.001 -14"><span class='ocrx_word' id='word_1_116' title='bbox 118 948 373 998; x_wconf 81' lang='lat' dir='ltr'>adgressurus</span> <span class='ocrx_word' id='word_1_117' title='bbox 397 948 526 1000; x_wconf 89' lang='lat' dir='ltr'>Scipio</span> <span class='ocrx_word' id='word_1_118' title='bbox 550 949 665 996; x_wconf 84' lang='lat' dir='ltr'>foret,</span> <span class='ocrx_word' id='word_1_119' title='bbox 693 949 744 988; x_wconf 91' lang='lat' dir='ltr'>ita</span> <span class='ocrx_word' id='word_1_120' title='bbox 767 950 1047 989; x_wconf 86' lang='lat' dir='ltr'>conclamatum</span> <span class='ocrx_word' id='word_1_121' title='bbox 1072 950 1116 988; x_wconf 91' lang='lat' dir='ltr'>ad</span> <span class='ocrx_word' id='word_1_122' title='bbox 1140 962 1246 988; x_wconf 89' lang='lat' dir='ltr'>arma</span> <span class='ocrx_word' id='word_1_123' title='bbox 1270 954 1344 996; x_wconf 90' lang='lat' dir='ltr'>est,</span> <span class='ocrx_word' id='word_1_124' title='bbox 1366 955 1522 1000; x_wconf 85' lang='lat' dir='ltr'>portae-</span> 
     </span>
     <span class='ocr_line' id='line_1_17' title="bbox 118 1004 1522 1057; baseline 0.001 -15"><span class='ocrx_word' id='word_1_125' title='bbox 118 1017 191 1054; x_wconf 89' lang='lat' dir='ltr'>que</span> <span class='ocrx_word' id='word_1_126' title='bbox 226 1004 365 1055; x_wconf 86' lang='lat' dir='ltr'>raptim</span> <span class='ocrx_word' id='word_1_127' title='bbox 402 1005 550 1044; x_wconf 84' lang='lat' dir='ltr'>clausae</span> <span class='ocrx_word' id='word_1_128' title='bbox 578 1011 614 1044; x_wconf 89' lang='lat' dir='ltr'>et</span> <span class='ocrx_word' id='word_1_129' title='bbox 641 1005 776 1044; x_wconf 87' lang='lat' dir='ltr'>armati</span> <span class='ocrx_word' id='word_1_130' title='bbox 803 1006 842 1044; x_wconf 91' lang='lat' dir='ltr'>in</span> <span class='ocrx_word' id='word_1_131' title='bbox 871 1007 992 1045; x_wconf 90' lang='lat' dir='ltr'>muris</span> <span class='ocrx_word' id='word_1_132' title='bbox 1021 1006 1245 1057; x_wconf 84' lang='lat' dir='ltr'>vigiliaeque</span> <span class='ocrx_word' id='word_1_133' title='bbox 1274 1011 1311 1044; x_wconf 89' lang='lat' dir='ltr'>et</span> <span class='ocrx_word' id='word_1_134' title='bbox 1338 1006 1522 1044; x_wconf 82' lang='lat' dir='ltr'>stationes</span> 
     </span>
     <span class='ocr_line' id='line_1_18' title="bbox 118 1060 1522 1113; baseline 0.001 -15"><span class='ocrx_word' id='word_1_135' title='bbox 118 1060 342 1112; x_wconf 86' lang='lat' dir='ltr'>dispositae,</span> <span class='ocrx_word' id='word_1_136' title='bbox 370 1073 412 1099; x_wconf 88' lang='lat' dir='ltr'>ac</span> <span class='ocrx_word' id='word_1_137' title='bbox 435 1067 547 1100; x_wconf 86' lang='lat' dir='ltr'>nocte</span> <span class='ocrx_word' id='word_1_138' title='bbox 568 1061 787 1112; x_wconf 85' lang='lat' dir='ltr'>insequenti</span> <span class='ocrx_word' id='word_1_139' title='bbox 803 1062 996 1112; x_wconf 86' lang='lat' dir='ltr'>vigilatum</span> <span class='ocrx_word' id='word_1_140' title='bbox 1015 1068 1085 1101; x_wconf 88' lang='lat' dir='ltr'>est.</span> <span class='ocrx_word' id='word_1_141' title='bbox 1104 1067 1263 1113; x_wconf 85' lang='lat' dir='ltr'>postero</span> <span class='ocrx_word' id='word_1_142' title='bbox 1282 1062 1341 1101; x_wconf 90' lang='lat' dir='ltr'>die</span> <span class='ocrx_word' id='word_1_143' title='bbox 1356 1061 1401 1100; x_wconf 91' lang='lat' dir='ltr'><em>M</em></span> <span class='ocrx_word' id='word_1_144' title='bbox 1414 1063 1522 1112; x_wconf 87' lang='lat' dir='ltr'>equi-</span> 
     </span>
     <span class='ocr_line' id='line_1_19' title="bbox 117 1117 1522 1169; baseline 0.001 -14"><span class='ocrx_word' id='word_1_145' title='bbox 117 1121 195 1162; x_wconf 88' lang='lat' dir='ltr'>tes,</span> <span class='ocrx_word' id='word_1_146' title='bbox 225 1117 462 1168; x_wconf 81' lang='lat' dir='ltr'>speculatum</span> <span class='ocrx_word' id='word_1_147' title='bbox 499 1118 544 1156; x_wconf 91' lang='lat' dir='ltr'>ad</span> <span class='ocrx_word' id='word_1_148' title='bbox 581 1131 687 1156; x_wconf 88' lang='lat' dir='ltr'>mare</span> <span class='ocrx_word' id='word_1_149' title='bbox 716 1118 1008 1169; x_wconf 86' lang='lat' dir='ltr'>turbandosque</span> <span class='ocrx_word' id='word_1_150' title='bbox 1037 1118 1264 1169; x_wconf 83' lang='lat' dir='ltr'>egredientis</span> <span class='ocrx_word' id='word_1_151' title='bbox 1292 1131 1335 1157; x_wconf 85' lang='lat' dir='ltr'>ex</span> <span class='ocrx_word' id='word_1_152' title='bbox 1362 1119 1522 1157; x_wconf 89' lang='lat' dir='ltr'>navibus</span> 
     </span>
     <span class='ocr_line' id='line_1_20' title="bbox 117 1173 1521 1226; baseline 0.001 -15"><span class='ocrx_word' id='word_1_153' title='bbox 117 1173 246 1220; x_wconf 84' lang='lat' dir='ltr'>missi,</span> <span class='ocrx_word' id='word_1_154' title='bbox 274 1174 311 1212; x_wconf 92' lang='lat' dir='ltr'>in</span> <span class='ocrx_word' id='word_1_155' title='bbox 348 1174 535 1213; x_wconf 88' lang='lat' dir='ltr'>stationes</span> <span class='ocrx_word' id='word_1_156' title='bbox 564 1174 830 1213; x_wconf 88' lang='lat' dir='ltr'>Romanorum</span> <span class='ocrx_word' id='word_1_157' title='bbox 867 1176 1096 1214; x_wconf 89' lang='lat' dir='ltr'>inciderunt.</span> <span class='ocrx_word' id='word_1_158' title='bbox 1151 1175 1226 1213; x_wconf 91' lang='lat' dir='ltr'>iam</span> <span class='ocrx_word' id='word_1_159' title='bbox 1261 1175 1363 1213; x_wconf 88' lang='lat' dir='ltr'>enim</span> <span class='ocrx_word' id='word_1_160' title='bbox 1393 1174 1521 1226; x_wconf 89' lang='lat' dir='ltr'>Scipio</span> 
     </span>
     <span class='ocr_line' id='line_1_21' title="bbox 117 1229 1524 1282; baseline 0.001 -15"><span class='ocrx_word' id='word_1_161' title='bbox 117 1229 237 1268; x_wconf 88' lang='lat' dir='ltr'>classe</span> <span class='ocrx_word' id='word_1_162' title='bbox 268 1230 415 1268; x_wconf 86' lang='lat' dir='ltr'>Uticam</span> <span class='ocrx_word' id='word_1_163' title='bbox 451 1231 569 1269; x_wconf 86' lang='lat' dir='ltr'>missa</span> <span class='ocrx_word' id='word_1_164' title='bbox 605 1230 690 1281; x_wconf 92' lang='lat' dir='ltr'>ipse</span> <span class='ocrx_word' id='word_1_165' title='bbox 726 1231 826 1270; x_wconf 86' lang='lat' dir='ltr'>haud</span> <span class='ocrx_word' id='word_1_166' title='bbox 854 1232 905 1271; x_wconf 91' lang='lat' dir='ltr'>ita</span> <span class='ocrx_word' id='word_1_167' title='bbox 934 1232 1098 1270; x_wconf 89' lang='lat' dir='ltr'>multum</span> <span class='ocrx_word' id='word_1_168' title='bbox 1127 1243 1361 1282; x_wconf 80' lang='lat' dir='ltr'>progressus</span> <span class='ocrx_word' id='word_1_169' title='bbox 1384 1231 1524 1270; x_wconf 82' lang='lat' dir='ltr'>amari</span> 
     </span>
     <span class='ocr_line' id='line_1_22' title="bbox 115 1286 1522 1338; baseline 0.002 -15"><span class='ocrx_word' id='word_1_170' title='bbox 115 1286 287 1324; x_wconf 88' lang='lat' dir='ltr'>tumulos</span> <span class='ocrx_word' id='word_1_171' title='bbox 309 1286 510 1336; x_wconf 83' lang='lat' dir='ltr'>proximos</span> <span class='ocrx_word' id='word_1_172' title='bbox 532 1292 696 1337; x_wconf 86' lang='lat' dir='ltr'>ceperat,</span> <span class='ocrx_word' id='word_1_173' title='bbox 719 1287 866 1338; x_wconf 88' lang='lat' dir='ltr'>equites</span> <span class='ocrx_word' id='word_1_174' title='bbox 888 1293 925 1326; x_wconf 90' lang='lat' dir='ltr'>et</span> <span class='ocrx_word' id='word_1_175' title='bbox 946 1288 984 1326; x_wconf 88' lang='lat' dir='ltr'>in</span> <span class='ocrx_word' id='word_1_176' title='bbox 1007 1288 1238 1327; x_wconf 89' lang='lat' dir='ltr'>stationibus</span> <span class='ocrx_word' id='word_1_177' title='bbox 1261 1288 1356 1327; x_wconf 89' lang='lat' dir='ltr'>locis</span> <span class='ocrx_word' id='word_1_178' title='bbox 1373 1287 1522 1326; x_wconf 84' lang='lat' dir='ltr'>idoneis</span> 
     </span>
     <span class='ocr_line' id='line_1_23' title="bbox 115 1343 1019 1394; baseline 0.006 -15"><span class='ocrx_word' id='word_1_179' title='bbox 115 1347 300 1393; x_wconf 85' lang='lat' dir='ltr'>posuerat</span> <span class='ocrx_word' id='word_1_180' title='bbox 321 1347 358 1380; x_wconf 87' lang='lat' dir='ltr'>et</span> <span class='ocrx_word' id='word_1_181' title='bbox 378 1355 447 1393; x_wconf 90' lang='lat' dir='ltr'>per</span> <span class='ocrx_word' id='word_1_182' title='bbox 467 1355 579 1393; x_wconf 83' lang='lat' dir='ltr'>agros</span> <span class='ocrx_word' id='word_1_183' title='bbox 601 1343 761 1382; x_wconf 87' lang='lat' dir='ltr'>miserat</span> <span class='ocrx_word' id='word_1_184' title='bbox 780 1345 1019 1394; x_wconf 90' lang='lat' dir='ltr'>praedatum.</span> 
     </span>
    </p>

    <p class='ocr_par' dir='ltr' id='par_1_5' title="bbox 117 1398 1522 1508">
     <span class='ocr_line' id='line_1_24' title="bbox 227 1398 1520 1451; baseline 0.002 -15"><span class='ocrx_word' id='word_1_185' title='bbox 227 1398 274 1436; x_wconf 92' lang='lat' dir='ltr'>Hi</span> <span class='ocrx_word' id='word_1_186' title='bbox 293 1411 379 1437; x_wconf 90' lang='lat' dir='ltr'>cum</span> <span class='ocrx_word' id='word_1_187' title='bbox 399 1399 700 1450; x_wconf 84' lang='lat' dir='ltr'>Carthaginiensi</span> <span class='ocrx_word' id='word_1_188' title='bbox 720 1401 890 1450; x_wconf 89' lang='lat' dir='ltr'>equitatu</span> <span class='ocrx_word' id='word_1_189' title='bbox 907 1401 1097 1451; x_wconf 90' lang='lat' dir='ltr'>proelium</span> <span class='ocrx_word' id='word_1_190' title='bbox 1115 1412 1202 1439; x_wconf 88' lang='lat' dir='ltr'>cum</span> <span class='ocrx_word' id='word_1_191' title='bbox 1221 1399 1520 1447; x_wconf 89' lang='lat' dir='ltr'>commisissent,</span> 
     </span>
     <span class='ocr_line' id='line_1_25' title="bbox 117 1455 1522 1508; baseline 0.001 -15"><span class='ocrx_word' id='word_1_192' title='bbox 117 1467 264 1505; x_wconf 88' lang='lat' dir='ltr'>paucos</span> <span class='ocrx_word' id='word_1_193' title='bbox 282 1455 319 1493; x_wconf 93' lang='lat' dir='ltr'>in</span> <span class='ocrx_word' id='word_1_194' title='bbox 338 1455 424 1505; x_wconf 89' lang='lat' dir='ltr'>ipso</span> <span class='ocrx_word' id='word_1_195' title='bbox 443 1456 663 1502; x_wconf 86' lang='lat' dir='ltr'>certamine,</span> <span class='ocrx_word' id='word_1_196' title='bbox 677 1456 884 1508; x_wconf 89' lang='lat' dir='ltr'>plerosque</span> <span class='ocrx_word' id='word_1_197' title='bbox 898 1457 1089 1508; x_wconf 78' lang='lat' dir='ltr'>fugientes</span> <span class='ocrx_word' id='word_1_198' title='bbox 1107 1456 1310 1507; x_wconf 85' lang='lat' dir='ltr'>persecuti,</span> <span class='ocrx_word' id='word_1_199' title='bbox 1329 1456 1368 1494; x_wconf 92' lang='lat' dir='ltr'>in</span> <span class='ocrx_word' id='word_1_200' title='bbox 1385 1456 1522 1507; x_wconf 86' lang='lat' dir='ltr'>quibus</span> 
     </span>
    </p>
   </div>
   <div class='ocr_carea' id='block_1_5' title="bbox 114 1565 792 2643">
    <p class='ocr_par' dir='ltr' id='par_1_6' title="bbox 114 1565 792 2237">
     <span class='ocr_line' id='line_1_26' title="bbox 114 1565 783 1610; baseline 0.001 -13"><span class='ocrx_word' id='word_1_201' title='bbox 114 1576 144 1598; x_wconf 82' lang='lat' dir='ltr'>a.</span> <span class='ocrx_word' id='word_1_202' title='bbox 155 1565 400 1598; x_wconf 80' lang='lat' dir='ltr'>Ch.—mdlmn</span> <span class='ocrx_word' id='word_1_203' title='bbox 412 1570 555 1610; x_wconf 78' lang='lat' dir='ltr'>praeter,</span> <span class='ocrx_word' id='word_1_204' title='bbox 571 1567 783 1599; x_wconf 81' lang='lat' dir='ltr'>keins—ab-</span> 
     </span>
     <span class='ocr_line' id='line_1_27' title="bbox 116 1611 783 1652; baseline 0.001 -10"><span class='ocrx_word' id='word_1_205' title='bbox 116 1612 258 1652; x_wconf 79' lang='lat' dir='ltr'>geschen</span> <span class='ocrx_word' id='word_1_206' title='bbox 288 1622 369 1652; x_wconf 82' lang='lat' dir='ltr'>von,</span> <span class='ocrx_word' id='word_1_207' title='bbox 401 1622 426 1643; x_wconf 89' lang='lat' dir='ltr'>s.</span> <span class='ocrx_word' id='word_1_208' title='bbox 456 1611 508 1651; x_wconf 85' lang='lat'>28,</span> <span class='ocrx_word' id='word_1_209' title='bbox 537 1612 586 1650; x_wconf 90' lang='lat'>13,</span> <span class='ocrx_word' id='word_1_210' title='bbox 608 1612 645 1651; x_wconf 81' lang='lat'>93</span> <span class='ocrx_word' id='word_1_211' title='bbox 665 1612 702 1643; x_wconf 88' lang='lat' dir='ltr'>L.</span> <span class='ocrx_word' id='word_1_212' title='bbox 727 1613 783 1643; x_wconf 85' lang='lat' dir='ltr'>hat</span> 
     </span>
     <span class='ocr_line' id='line_1_28' title="bbox 116 1657 782 1697; baseline 0.002 -10"><span class='ocrx_word' id='word_1_213' title='bbox 116 1657 383 1687; x_wconf 75' lang='lat' dir='ltr'>wahrscheinlich</span> <span class='ocrx_word' id='word_1_214' title='bbox 399 1667 438 1687; x_wconf 90' lang='lat' dir='ltr'>an</span> <span class='ocrx_word' id='word_1_215' title='bbox 448 1658 499 1688; x_wconf 88' lang='lat' dir='ltr'>die</span> <span class='ocrx_word' id='word_1_216' title='bbox 508 1657 644 1697; x_wconf 76' lang='lat' dir='ltr'>gei-inge</span> <span class='ocrx_word' id='word_1_217' title='bbox 654 1657 782 1688; x_wconf 84' lang='lat' dir='ltr'>Anzahl</span> 
     </span>
     <span class='ocr_line' id='line_1_29' title="bbox 115 1700 781 1742; baseline 0.003 -11"><span class='ocrx_word' id='word_1_218' title='bbox 115 1711 179 1731; x_wconf 81' lang='lat' dir='ltr'>von</span> <span class='ocrx_word' id='word_1_219' title='bbox 193 1700 347 1742; x_wconf 86' lang='lat' dir='ltr'>Truppcn</span> <span class='ocrx_word' id='word_1_220' title='bbox 369 1702 525 1742; x_wconf 83' lang='lat' dir='ltr'>gedacht,</span> <span class='ocrx_word' id='word_1_221' title='bbox 555 1702 607 1733; x_wconf 86' lang='lat' dir='ltr'>die</span> <span class='ocrx_word' id='word_1_222' title='bbox 632 1700 691 1733; x_wconf 83' lang='lat' dir='ltr'>auf</span> <span class='ocrx_word' id='word_1_223' title='bbox 712 1702 781 1733; x_wconf 89' lang='lat' dir='ltr'>sol-</span> 
     </span>
     <span class='ocr_line' id='line_1_30' title="bbox 116 1745 781 1787; baseline 0.002 -11"><span class='ocrx_word' id='word_1_224' title='bbox 116 1746 196 1776; x_wconf 83' lang='lat' dir='ltr'>chen</span> <span class='ocrx_word' id='word_1_225' title='bbox 212 1745 346 1776; x_wconf 85' lang='lat' dir='ltr'>Flotten</span> <span class='ocrx_word' id='word_1_226' title='bbox 367 1756 406 1776; x_wconf 88' lang='lat' dir='ltr'>zu</span> <span class='ocrx_word' id='word_1_227' title='bbox 424 1746 493 1777; x_wconf 86' lang='lat' dir='ltr'>sein</span> <span class='ocrx_word' id='word_1_228' title='bbox 512 1748 623 1787; x_wconf 83' lang='lat' dir='ltr'>pflegt‚</span> <span class='ocrx_word' id='word_1_229' title='bbox 642 1747 726 1777; x_wconf 85' lang='lat' dir='ltr'>denn</span> <span class='ocrx_word' id='word_1_230' title='bbox 741 1757 781 1778; x_wconf 85' lang='lat' dir='ltr'>au</span> 
     </span>
     <span class='ocr_line' id='line_1_31' title="bbox 116 1790 780 1823; baseline 0 -2"><span class='ocrx_word' id='word_1_231' title='bbox 116 1790 184 1821; x_wconf 88' lang='lat' dir='ltr'>sich</span> <span class='ocrx_word' id='word_1_232' title='bbox 212 1790 342 1821; x_wconf 79' lang='lat' dir='ltr'>kb&#39;nnen</span> <span class='ocrx_word' id='word_1_233' title='bbox 373 1791 424 1821; x_wconf 86' lang='lat' dir='ltr'>die</span> <span class='ocrx_word' id='word_1_234' title='bbox 443 1791 576 1822; x_wconf 84' lang='lat' dir='ltr'>Flotten</span> <span class='ocrx_word' id='word_1_235' title='bbox 606 1792 695 1823; x_wconf 88' lang='lat' dir='ltr'>nicht</span> <span class='ocrx_word' id='word_1_236' title='bbox 717 1802 780 1822; x_wconf 90' lang='lat' dir='ltr'>von</span> 
     </span>
     <span class='ocr_line' id='line_1_32' title="bbox 116 1835 782 1875; baseline 0.002 -9"><span class='ocrx_word' id='word_1_237' title='bbox 116 1836 177 1867; x_wconf 88' lang='lat' dir='ltr'>den</span> <span class='ocrx_word' id='word_1_238' title='bbox 201 1835 330 1866; x_wconf 86' lang='lat' dir='ltr'>Heeren</span> <span class='ocrx_word' id='word_1_239' title='bbox 360 1846 612 1875; x_wconf 83' lang='lat' dir='ltr'>ausgenommen</span> <span class='ocrx_word' id='word_1_240' title='bbox 636 1837 782 1875; x_wconf 87' lang='lat' dir='ltr'>werden,</span> 
     </span>
     <span class='ocr_line' id='line_1_33' title="bbox 116 1881 792 1922; baseline 0.001 -11"><span class='ocrx_word' id='word_1_241' title='bbox 116 1881 179 1911; x_wconf 90' lang='lat' dir='ltr'>und</span> <span class='ocrx_word' id='word_1_242' title='bbox 204 1890 275 1911; x_wconf 85' lang='lat' dir='ltr'>man</span> <span class='ocrx_word' id='word_1_243' title='bbox 301 1881 399 1912; x_wconf 85' lang='lat' dir='ltr'>sollte</span> <span class='ocrx_word' id='word_1_244' title='bbox 417 1882 447 1912; x_wconf 92' lang='lat' dir='ltr'>in</span> <span class='ocrx_word' id='word_1_245' title='bbox 466 1882 576 1912; x_wconf 83' lang='lat' dir='ltr'>dieser</span> <span class='ocrx_word' id='word_1_246' title='bbox 594 1881 792 1922; x_wconf 52' lang='lat' dir='ltr'>Beziehungr</span> 
     </span>
     <span class='ocr_line' id='line_1_34' title="bbox 117 1925 782 1969; baseline 0.002 -13"><span class='ocrx_word' id='word_1_247' title='bbox 117 1925 178 1957; x_wconf 79' lang='lat' dir='ltr'>sed</span> <span class='ocrx_word' id='word_1_248' title='bbox 192 1944 233 1948; x_wconf 77' lang='lat'><strong>—</strong></span> <span class='ocrx_word' id='word_1_249' title='bbox 254 1928 385 1957; x_wconf 70' lang='lat' dir='ltr'>tantum</span> <span class='ocrx_word' id='word_1_250' title='bbox 404 1927 641 1969; x_wconf 77' lang='lat' dir='ltr'>nichtpraeter</span> <span class='ocrx_word' id='word_1_251' title='bbox 655 1936 782 1957; x_wconf 85' lang='lat' dir='ltr'>erwar-</span> 
     </span>
     <span class='ocr_line' id='line_1_35' title="bbox 116 1970 784 2011; baseline 0.001 -10"><span class='ocrx_word' id='word_1_252' title='bbox 116 1974 182 2001; x_wconf 86' lang='lat' dir='ltr'>ten.</span> <span class='ocrx_word' id='word_1_253' title='bbox 197 1988 241 1993; x_wconf 88' lang='lat'>—</span> <span class='ocrx_word' id='word_1_254' title='bbox 253 1980 369 2011; x_wconf 44' lang='lat' dir='ltr'>agro&amp;</span> <span class='ocrx_word' id='word_1_255' title='bbox 388 1982 448 2002; x_wconf 91' lang='lat' dir='ltr'>nur</span> <span class='ocrx_word' id='word_1_256' title='bbox 464 1970 563 2003; x_wconf 81' lang='lat' dir='ltr'>aufu.</span> <span class='ocrx_word' id='word_1_257' title='bbox 582 1981 608 2002; x_wconf 88' lang='lat' dir='ltr'>s.</span> <span class='ocrx_word' id='word_1_258' title='bbox 624 1981 676 2008; x_wconf 84' lang='lat' dir='ltr'>w.,</span> <span class='ocrx_word' id='word_1_259' title='bbox 695 1971 784 2002; x_wconf 86' lang='lat' dir='ltr'>nicht</span> 
     </span>
     <span class='ocr_line' id='line_1_36' title="bbox 116 2015 783 2058; baseline 0.003 -12"><span class='ocrx_word' id='word_1_260' title='bbox 116 2015 168 2046; x_wconf 85' lang='lat' dir='ltr'>die</span> <span class='ocrx_word' id='word_1_261' title='bbox 192 2015 325 2053; x_wconf 67' lang='lat' dir='ltr'>Stiidteg</span> <span class='ocrx_word' id='word_1_262' title='bbox 354 2018 544 2049; x_wconf 75' lang='lat' dir='ltr'>maritimos</span> <span class='ocrx_word' id='word_1_263' title='bbox 573 2017 636 2054; x_wconf 50' lang='lat' dir='ltr'>wie</span> <span class='ocrx_word' id='word_1_264' title='bbox 660 2016 717 2058; x_wconf 70' lang='lat'>§2</span> <span class='ocrx_word' id='word_1_265' title='bbox 738 2017 783 2048; x_wconf 87' lang='lat' dir='ltr'>ist</span> 
     </span>
     <span class='ocr_line' id='line_1_37' title="bbox 117 2061 782 2103; baseline 0.002 -12"><span class='ocrx_word' id='word_1_266' title='bbox 117 2061 205 2092; x_wconf 86' lang='lat' dir='ltr'>nicht</span> <span class='ocrx_word' id='word_1_267' title='bbox 221 2062 442 2101; x_wconf 80' lang='lat' dir='ltr'>nothwendig.</span> <span class='ocrx_word' id='word_1_268' title='bbox 461 2080 504 2084; x_wconf 81' lang='lat'>——</span> <span class='ocrx_word' id='word_1_269' title='bbox 522 2073 568 2102; x_wconf 80' lang='lat' dir='ltr'>eo,</span> <span class='ocrx_word' id='word_1_270' title='bbox 587 2072 612 2092; x_wconf 87' lang='lat' dir='ltr'>s.</span> <span class='ocrx_word' id='word_1_271' title='bbox 633 2073 660 2093; x_wconf 90' lang='lat' dir='ltr'>c.</span> <span class='ocrx_word' id='word_1_272' title='bbox 684 2062 730 2103; x_wconf 81' lang='lat'>14,</span> <span class='ocrx_word' id='word_1_273' title='bbox 751 2061 782 2092; x_wconf 92' lang='lat'>2.</span> 
     </span>
     <span class='ocr_line' id='line_1_38' title="bbox 123 2106 783 2148; baseline 0.002 -11"><span class='ocrx_word' id='word_1_274' title='bbox 123 2107 275 2148; x_wconf 77' lang='lat' dir='ltr'>—sug·a,</span> <span class='ocrx_word' id='word_1_275' title='bbox 296 2116 322 2137; x_wconf 86' lang='lat' dir='ltr'>s.</span> <span class='ocrx_word' id='word_1_276' title='bbox 345 2106 372 2145; x_wconf 89' lang='lat'>1,</span> <span class='ocrx_word' id='word_1_277' title='bbox 392 2106 443 2145; x_wconf 80' lang='grc'>28,</span> <span class='ocrx_word' id='word_1_278' title='bbox 463 2107 498 2144; x_wconf 73' lang='lat'>5,</span> <span class='ocrx_word' id='word_1_279' title='bbox 527 2107 579 2145; x_wconf 68' lang='lat'>35,</span> <span class='ocrx_word' id='word_1_280' title='bbox 598 2107 628 2147; x_wconf 84' lang='lat'>2,</span> <span class='ocrx_word' id='word_1_281' title='bbox 647 2106 682 2137; x_wconf 87' lang='lat'>3:</span> <span class='ocrx_word' id='word_1_282' title='bbox 702 2106 783 2138; x_wconf 72' lang='lat' dir='ltr'>reli-</span> 
     </span>
     <span class='ocr_line' id='line_1_39' title="bbox 117 2151 783 2195; baseline 0.003 -14"><span class='ocrx_word' id='word_1_283' title='bbox 117 2153 211 2191; x_wconf 76' lang='lat' dir='ltr'>qnias</span> <span class='ocrx_word' id='word_1_284' title='bbox 228 2154 397 2183; x_wconf 67' lang='lat' dir='ltr'>exercitus</span> <span class='ocrx_word' id='word_1_285' title='bbox 413 2170 457 2174; x_wconf 94' lang='lat'>—</span> <span class='ocrx_word' id='word_1_286' title='bbox 468 2151 585 2195; x_wconf 77' lang='lat' dir='ltr'>plenas</span> <span class='ocrx_word' id='word_1_287' title='bbox 597 2154 732 2195; x_wconf 76' lang='lat' dir='ltr'>pavoris</span> <span class='ocrx_word' id='word_1_288' title='bbox 745 2161 783 2183; x_wconf 81' lang='lat' dir='ltr'>ac</span> 
     </span>
     <span class='ocr_line' id='line_1_40' title="bbox 116 2196 587 2237; baseline 0.004 -11"><span class='ocrx_word' id='word_1_289' title='bbox 116 2196 235 2237; x_wconf 72' lang='lat' dir='ltr'>fugae,</span> <span class='ocrx_word' id='word_1_290' title='bbox 254 2197 320 2236; x_wconf 75' lang='lat' dir='ltr'>vgl.</span> <span class='ocrx_word' id='word_1_291' title='bbox 336 2197 395 2228; x_wconf 81' lang='lat' dir='ltr'>Dio</span> <span class='ocrx_word' id='word_1_292' title='bbox 415 2196 505 2228; x_wconf 80' lang='lat' dir='ltr'>Cass.</span> <span class='ocrx_word' id='word_1_293' title='bbox 524 2197 546 2228; x_wconf 90' lang='lat' dir='ltr'>l.</span> <span class='ocrx_word' id='word_1_294' title='bbox 564 2198 587 2228; x_wconf 89' lang='lat' dir='ltr'>l.</span> 
     </span>
    </p>

    <p class='ocr_par' dir='ltr' id='par_1_7' title="bbox 117 2241 782 2643">
     <span class='ocr_line' id='line_1_41' title="bbox 162 2241 782 2282; baseline 0.003 -11"><span class='ocrx_word' id='word_1_295' title='bbox 162 2241 259 2271; x_wconf 79' lang='lat'><strong>7—9.</strong></span> <span class='ocrx_word' id='word_1_296' title='bbox 275 2244 306 2272; x_wconf 75' lang='lat' dir='ltr'>et</span> <span class='ocrx_word' id='word_1_297' title='bbox 318 2242 413 2282; x_wconf 71' lang='lat' dir='ltr'>lzerc,</span> <span class='ocrx_word' id='word_1_298' title='bbox 428 2242 492 2272; x_wconf 91' lang='lat' dir='ltr'>und</span> <span class='ocrx_word' id='word_1_299' title='bbox 508 2242 657 2273; x_wconf 83' lang='lat' dir='ltr'>wahrlich</span> <span class='ocrx_word' id='word_1_300' title='bbox 669 2241 782 2274; x_wconf 87' lang='lat' dir='ltr'>Grund</span> 
     </span>
     <span class='ocr_line' id='line_1_42' title="bbox 117 2286 781 2326; baseline 0.005 -11"><span class='ocrx_word' id='word_1_301' title='bbox 117 2295 226 2326; x_wconf 64' lang='lat' dir='ltr'>,trenug</span> <span class='ocrx_word' id='word_1_302' title='bbox 250 2296 319 2316; x_wconf 87' lang='lat' dir='ltr'>war</span> <span class='ocrx_word' id='word_1_303' title='bbox 337 2286 419 2317; x_wconf 79' lang='lat' dir='ltr'>‹lazu</span> <span class='ocrx_word' id='word_1_304' title='bbox 439 2287 489 2317; x_wconf 87' lang='lat' dir='ltr'>da.</span> <span class='ocrx_word' id='word_1_305' title='bbox 518 2286 606 2318; x_wconf 83' lang='lat' dir='ltr'>Nach</span> <span class='ocrx_word' id='word_1_306' title='bbox 623 2288 694 2318; x_wconf 89' lang='lat' dir='ltr'>dem</span> <span class='ocrx_word' id='word_1_307' title='bbox 713 2297 781 2318; x_wconf 83' lang='lat' dir='ltr'>was</span> 
     </span>
     <span class='ocr_line' id='line_1_43' title="bbox 118 2330 780 2372; baseline 0.003 -11"><span class='ocrx_word' id='word_1_308' title='bbox 118 2330 152 2361; x_wconf 89' lang='lat' dir='ltr'>L.</span> <span class='ocrx_word' id='word_1_309' title='bbox 178 2341 204 2361; x_wconf 80' lang='lat' dir='ltr'>c.</span> <span class='ocrx_word' id='word_1_310' title='bbox 224 2330 242 2361; x_wconf 83' lang='lat'>2</span> <span class='ocrx_word' id='word_1_311' title='bbox 262 2332 324 2362; x_wconf 86' lang='lat' dir='ltr'>und</span> <span class='ocrx_word' id='word_1_312' title='bbox 343 2331 395 2372; x_wconf 75' lang='lat'>23,</span> <span class='ocrx_word' id='word_1_313' title='bbox 418 2331 430 2362; x_wconf 95' lang='lat'>1</span> <span class='ocrx_word' id='word_1_314' title='bbox 453 2332 616 2363; x_wconf 84' lang='lat' dir='ltr'>berichtet</span> <span class='ocrx_word' id='word_1_315' title='bbox 638 2333 693 2363; x_wconf 84' lang='lat' dir='ltr'>hat</span> <span class='ocrx_word' id='word_1_316' title='bbox 716 2333 780 2363; x_wconf 91' lang='lat' dir='ltr'>und</span> 
     </span>
     <span class='ocr_line' id='line_1_44' title="bbox 118 2376 781 2417; baseline 0.005 -12"><span class='ocrx_word' id='word_1_317' title='bbox 118 2376 168 2406; x_wconf 69' lang='lat' dir='ltr'>boi</span> <span class='ocrx_word' id='word_1_318' title='bbox 193 2376 253 2406; x_wconf 84' lang='lat' dir='ltr'>der</span> <span class='ocrx_word' id='word_1_319' title='bbox 272 2376 362 2407; x_wconf 69' lang='lat' dir='ltr'>Niihc</span> <span class='ocrx_word' id='word_1_320' title='bbox 387 2386 447 2406; x_wconf 74' lang='lat' dir='ltr'>von</span> <span class='ocrx_word' id='word_1_321' title='bbox 473 2376 627 2417; x_wconf 64' lang='lat' dir='ltr'>Sivssien,</span> <span class='ocrx_word' id='word_1_322' title='bbox 652 2387 703 2408; x_wconf 88' lang='lat' dir='ltr'>wo</span> <span class='ocrx_word' id='word_1_323' title='bbox 729 2378 781 2409; x_wconf 84' lang='lat' dir='ltr'>die</span> 
     </span>
     <span class='ocr_line' id='line_1_45' title="bbox 118 2421 781 2463; baseline 0.003 -12"><span class='ocrx_word' id='word_1_324' title='bbox 118 2421 309 2460; x_wconf 62' lang='lat' dir='ltr'>lliistungen</span> <span class='ocrx_word' id='word_1_325' title='bbox 330 2422 457 2463; x_wconf 74' lang='lat' dir='ltr'>Scipios</span> <span class='ocrx_word' id='word_1_326' title='bbox 481 2426 563 2453; x_wconf 78' lang='lat' dir='ltr'>statt</span> <span class='ocrx_word' id='word_1_327' title='bbox 586 2422 705 2462; x_wconf 77' lang='lat' dir='ltr'>geliabt</span> <span class='ocrx_word' id='word_1_328' title='bbox 722 2423 781 2453; x_wconf 85' lang='lat' dir='ltr'>ha-</span> 
     </span>
     <span class='ocr_line' id='line_1_46' title="bbox 118 2466 781 2507; baseline 0.003 -11"><span class='ocrx_word' id='word_1_329' title='bbox 118 2466 193 2506; x_wconf 70' lang='lat' dir='ltr'>ben,</span> <span class='ocrx_word' id='word_1_330' title='bbox 212 2477 300 2496; x_wconf 76' lang='lat' dir='ltr'>inuss</span> <span class='ocrx_word' id='word_1_331' title='bbox 319 2467 370 2497; x_wconf 72' lang='lat' dir='ltr'>dic</span> <span class='ocrx_word' id='word_1_332' title='bbox 388 2467 605 2507; x_wconf 72' lang='lat' dir='ltr'>Schilderung</span> <span class='ocrx_word' id='word_1_333' title='bbox 622 2468 682 2498; x_wconf 85' lang='lat' dir='ltr'>der</span> <span class='ocrx_word' id='word_1_334' title='bbox 700 2466 781 2498; x_wconf 81' lang='lat' dir='ltr'>Auf-</span> 
     </span>
     <span class='ocr_line' id='line_1_47' title="bbox 118 2512 781 2550; baseline 0.005 -10"><span class='ocrx_word' id='word_1_335' title='bbox 118 2512 462 2550; x_wconf 71' lang='lat' dir='ltr'>regungfibertrieben</span> <span class='ocrx_word' id='word_1_336' title='bbox 476 2513 684 2550; x_wconf 73' lang='lat' dir='ltr'>crselieinen3</span> <span class='ocrx_word' id='word_1_337' title='bbox 701 2513 781 2543; x_wconf 85' lang='lat' dir='ltr'>nach</span> 
     </span>
     <span class='ocr_line' id='line_1_48' title="bbox 124 2557 780 2598; baseline 0.002 -11"><span class='ocrx_word' id='word_1_338' title='bbox 124 2557 200 2598; x_wconf 40' lang='lat' dir='ltr'>xpp.</span> <span class='ocrx_word' id='word_1_339' title='bbox 220 2567 246 2587; x_wconf 81' lang='lat' dir='ltr'>c.</span> <span class='ocrx_word' id='word_1_340' title='bbox 271 2557 308 2587; x_wconf 91' lang='grc'>13</span> <span class='ocrx_word' id='word_1_341' title='bbox 335 2557 479 2588; x_wconf 72' lang='grc' dir='ltr'>Ιωιηιηοῐι</span> <span class='ocrx_word' id='word_1_342' title='bbox 506 2558 556 2588; x_wconf 86' lang='lat' dir='ltr'>die</span> <span class='ocrx_word' id='word_1_343' title='bbox 576 2557 696 2588; x_wconf 67' lang='lat' dir='ltr'>Riimer</span> <span class='ocrx_word' id='word_1_344' title='bbox 719 2558 780 2589; x_wconf 82' lang='lat' dir='ltr'>den</span> 
     </span>
     <span class='ocr_line' id='line_1_49' title="bbox 120 2601 779 2643; baseline 0.003 -12"><span class='ocrx_word' id='word_1_345' title='bbox 120 2601 257 2632; x_wconf 79' lang='lat' dir='ltr'>Punicrn</span> <span class='ocrx_word' id='word_1_346' title='bbox 284 2602 372 2633; x_wconf 65' lang='lat' dir='ltr'>nic-lit.</span> <span class='ocrx_word' id='word_1_347' title='bbox 396 2607 612 2643; x_wconf 74' lang='lat' dir='ltr'>unerwartet,</span> <span class='ocrx_word' id='word_1_348' title='bbox 639 2603 779 2634; x_wconf 78' lang='lat' dir='ltr'>sondern</span> 
     </span>
    </p>
   </div>
   <div class='ocr_carea' id='block_1_6' title="bbox 72 2646 781 2690">
    <p class='ocr_par' dir='ltr' id='par_1_8' title="bbox 72 2646 781 2690">
     <span class='ocr_line' id='line_1_50' title="bbox 72 2646 781 2690; baseline 0.001 -12"><span class='ocrx_word' id='word_1_349' title='bbox 72 2677 74 2679; x_wconf 73' lang='grc'>,</span> <span class='ocrx_word' id='word_1_350' title='bbox 118 2646 319 2688; x_wconf 81' lang='lat' dir='ltr'>Hasdrubal,</span> <span class='ocrx_word' id='word_1_351' title='bbox 353 2648 485 2690; x_wconf 78' lang='lat' dir='ltr'>Syphax</span> <span class='ocrx_word' id='word_1_352' title='bbox 515 2649 578 2679; x_wconf 88' lang='lat' dir='ltr'>und</span> <span class='ocrx_word' id='word_1_353' title='bbox 606 2647 781 2680; x_wconf 83' lang='lat' dir='ltr'>Masinissa</span> 
     </span>
    </p>
   </div>
   <div class='ocr_carea' id='block_1_7' title="bbox 852 1567 1527 2375">
    <p class='ocr_par' dir='ltr' id='par_1_9' title="bbox 852 1567 1527 2149">
     <span class='ocr_line' id='line_1_51' title="bbox 854 1567 1524 1608; baseline -0.003 -8"><span class='ocrx_word' id='word_1_354' title='bbox 854 1568 976 1600; x_wconf 85' lang='lat' dir='ltr'>riicken</span> <span class='ocrx_word' id='word_1_355' title='bbox 996 1568 1091 1599; x_wconf 88' lang='lat' dir='ltr'>ihnen</span> <span class='ocrx_word' id='word_1_356' title='bbox 1106 1568 1251 1608; x_wconf 86' lang='lat' dir='ltr'>sogleich</span> <span class='ocrx_word' id='word_1_357' title='bbox 1268 1568 1326 1598; x_wconf 88' lang='lat' dir='ltr'>mit</span> <span class='ocrx_word' id='word_1_358' title='bbox 1339 1567 1524 1599; x_wconf 87' lang='lat' dir='ltr'>bedeuten—</span> 
     </span>
     <span class='ocr_line' id='line_1_52' title="bbox 854 1612 1522 1653; baseline -0.001 -8"><span class='ocrx_word' id='word_1_359' title='bbox 854 1614 915 1645; x_wconf 90' lang='lat' dir='ltr'>den</span> <span class='ocrx_word' id='word_1_360' title='bbox 935 1613 1063 1644; x_wconf 87' lang='lat' dir='ltr'>Heeren</span> <span class='ocrx_word' id='word_1_361' title='bbox 1083 1614 1163 1644; x_wconf 82' lang='lat' dir='ltr'>nach</span> <span class='ocrx_word' id='word_1_362' title='bbox 1183 1612 1276 1645; x_wconf 85' lang='lat' dir='ltr'>Utica</span> <span class='ocrx_word' id='word_1_363' title='bbox 1291 1617 1466 1653; x_wconf 79' lang='lat' dir='ltr'>entgegen.</span> <span class='ocrx_word' id='word_1_364' title='bbox 1480 1632 1522 1635; x_wconf 97' lang='lat'><strong>—</strong></span> 
     </span>
     <span class='ocr_line' id='line_1_53' title="bbox 853 1658 1523 1698; baseline -0.001 -8"><span class='ocrx_word' id='word_1_365' title='bbox 853 1658 1020 1690; x_wconf 75' lang='lat' dir='ltr'>Hasdt&#39;ub.</span> <span class='ocrx_word' id='word_1_366' title='bbox 1050 1663 1114 1689; x_wconf 88' lang='lat' dir='ltr'>etc.</span> <span class='ocrx_word' id='word_1_367' title='bbox 1136 1658 1201 1698; x_wconf 85' lang='lat' dir='ltr'>vgl.</span> <span class='ocrx_word' id='word_1_368' title='bbox 1226 1658 1285 1697; x_wconf 78' lang='lat'>28,</span> <span class='ocrx_word' id='word_1_369' title='bbox 1314 1658 1372 1698; x_wconf 87' lang='lat'>12,</span> <span class='ocrx_word' id='word_1_370' title='bbox 1407 1658 1457 1689; x_wconf 86' lang='lat'>13.</span> <span class='ocrx_word' id='word_1_371' title='bbox 1479 1675 1523 1680; x_wconf 90' lang='lat'>——</span> 
     </span>
     <span class='ocr_line' id='line_1_54' title="bbox 853 1703 1525 1747; baseline 0.001 -13"><span class='ocrx_word' id='word_1_372' title='bbox 853 1705 929 1747; x_wconf 82' lang='lat' dir='ltr'>ipso</span> <span class='ocrx_word' id='word_1_373' title='bbox 948 1703 1029 1734; x_wconf 89' lang='lat' dir='ltr'>oder</span> <span class='ocrx_word' id='word_1_374' title='bbox 1046 1703 1161 1734; x_wconf 83' lang='lat' dir='ltr'>eodem</span> <span class='ocrx_word' id='word_1_375' title='bbox 1178 1704 1240 1735; x_wconf 90' lang='lat' dir='ltr'>wie</span> <span class='ocrx_word' id='word_1_376' title='bbox 1266 1704 1307 1734; x_wconf 87' lang='lat' dir='ltr'>im</span> <span class='ocrx_word' id='word_1_377' title='bbox 1325 1703 1419 1744; x_wconf 83' lang='lat' dir='ltr'>Folg.</span> <span class='ocrx_word' id='word_1_378' title='bbox 1446 1703 1525 1735; x_wconf 73' lang='lat' dir='ltr'>duci</span> 
     </span>
     <span class='ocr_line' id='line_1_55' title="bbox 854 1747 1527 1789; baseline -0.001 -10"><span class='ocrx_word' id='word_1_379' title='bbox 854 1748 982 1779; x_wconf 82' lang='lat' dir='ltr'>scheint</span> <span class='ocrx_word' id='word_1_380' title='bbox 994 1747 1278 1789; x_wconf 79' lang='lat' dir='ltr'>ausgefallen,aus</span> <span class='ocrx_word' id='word_1_381' title='bbox 1291 1749 1426 1779; x_wconf 75' lang='lat' dir='ltr'>memin.</span> <span class='ocrx_word' id='word_1_382' title='bbox 1435 1748 1496 1778; x_wconf 85' lang='lat' dir='ltr'>kan</span> <span class='ocrx_word' id='word_1_383' title='bbox 1504 1752 1527 1778; x_wconf 88' lang='lat' dir='ltr'>n&#39;</span> 
     </span>
     <span class='ocr_line' id='line_1_56' title="bbox 852 1793 1520 1836; baseline -0.003 -11"><span class='ocrx_word' id='word_1_384' title='bbox 852 1795 1021 1836; x_wconf 77' lang='lat' dir='ltr'>putabant</span> <span class='ocrx_word' id='word_1_385' title='bbox 1050 1804 1091 1824; x_wconf 91' lang='lat' dir='ltr'>zu</span> <span class='ocrx_word' id='word_1_386' title='bbox 1116 1804 1189 1824; x_wconf 79' lang='lat' dir='ltr'>esse</span> <span class='ocrx_word' id='word_1_387' title='bbox 1212 1794 1353 1832; x_wconf 83' lang='lat' dir='ltr'>gedacht</span> <span class='ocrx_word' id='word_1_388' title='bbox 1375 1793 1520 1824; x_wconf 85' lang='lat' dir='ltr'>werden.</span> 
     </span>
     <span class='ocr_line' id='line_1_57' title="bbox 855 1836 1522 1881; baseline -0.001 -12"><span class='ocrx_word' id='word_1_389' title='bbox 855 1856 897 1863; x_wconf 72' lang='lat'>·—</span> <span class='ocrx_word' id='word_1_390' title='bbox 915 1838 1117 1881; x_wconf 80' lang='lat' dir='ltr'>alz&#39;quotpr.,</span> <span class='ocrx_word' id='word_1_391' title='bbox 1136 1848 1163 1869; x_wconf 90' lang='lat' dir='ltr'>s.</span> <span class='ocrx_word' id='word_1_392' title='bbox 1182 1838 1235 1877; x_wconf 84' lang='lat'>28,</span> <span class='ocrx_word' id='word_1_393' title='bbox 1255 1837 1293 1876; x_wconf 79' lang='lat'>23</span> <span class='ocrx_word' id='word_1_394' title='bbox 1315 1836 1384 1868; x_wconf 86' lang='lat' dir='ltr'>16f.</span> <span class='ocrx_word' id='word_1_395' title='bbox 1403 1856 1446 1860; x_wconf 93' lang='lat'><strong>—</strong></span> <span class='ocrx_word' id='word_1_396' title='bbox 1462 1849 1522 1869; x_wconf 67' lang='lat' dir='ltr'>neev</span> 
     </span>
     <span class='ocr_line' id='line_1_58' title="bbox 854 1882 1522 1925; baseline -0.001 -10"><span class='ocrx_word' id='word_1_397' title='bbox 854 1894 967 1925; x_wconf 60' lang='lat' dir='ltr'>magn,</span> <span class='ocrx_word' id='word_1_398' title='bbox 992 1883 1114 1914; x_wconf 83' lang='lat' dir='ltr'>ebenso</span> <span class='ocrx_word' id='word_1_399' title='bbox 1133 1883 1255 1923; x_wconf 84' lang='lat' dir='ltr'>wenig,</span> <span class='ocrx_word' id='word_1_400' title='bbox 1281 1882 1359 1914; x_wconf 87' lang='lat' dir='ltr'>weil</span> <span class='ocrx_word' id='word_1_401' title='bbox 1382 1893 1480 1923; x_wconf 77' lang='lat' dir='ltr'>quam</span> <span class='ocrx_word' id='word_1_402' title='bbox 1499 1886 1522 1914; x_wconf 77' lang='lat' dir='ltr'>t.</span> 
     </span>
     <span class='ocr_line' id='line_1_59' title="bbox 854 1927 1522 1968; baseline 0 -9"><span class='ocrx_word' id='word_1_403' title='bbox 854 1928 987 1968; x_wconf 80' lang='lat' dir='ltr'>negativ</span> <span class='ocrx_word' id='word_1_404' title='bbox 1006 1928 1060 1959; x_wconf 84' lang='lat' dir='ltr'>ist.</span> <span class='ocrx_word' id='word_1_405' title='bbox 1080 1946 1123 1950; x_wconf 90' lang='lat'>—</span> <span class='ocrx_word' id='word_1_406' title='bbox 1139 1928 1229 1959; x_wconf 78' lang='lat' dir='ltr'>velut</span> <span class='ocrx_word' id='word_1_407' title='bbox 1244 1930 1275 1959; x_wconf 82' lang='lat' dir='ltr'>si</span> <span class='ocrx_word' id='word_1_408' title='bbox 1291 1932 1367 1966; x_wconf 67' lang='lat' dir='ltr'>etc„</span> <span class='ocrx_word' id='word_1_409' title='bbox 1387 1928 1439 1959; x_wconf 88' lang='lat' dir='ltr'>die</span> <span class='ocrx_word' id='word_1_410' title='bbox 1458 1927 1522 1959; x_wconf 82' lang='lat' dir='ltr'>Be-</span> 
     </span>
     <span class='ocr_line' id='line_1_60' title="bbox 854 1972 1521 2013; baseline 0 -9"><span class='ocrx_word' id='word_1_411' title='bbox 854 1972 1062 2013; x_wconf 82' lang='lat' dir='ltr'>festigungen</span> <span class='ocrx_word' id='word_1_412' title='bbox 1081 1972 1265 2013; x_wconf 81' lang='lat' dir='ltr'>Carthagos</span> <span class='ocrx_word' id='word_1_413' title='bbox 1284 1973 1348 2004; x_wconf 88' lang='lat' dir='ltr'>und</span> <span class='ocrx_word' id='word_1_414' title='bbox 1365 1973 1416 2004; x_wconf 90' lang='lat' dir='ltr'>die</span> <span class='ocrx_word' id='word_1_415' title='bbox 1434 1972 1521 2004; x_wconf 59' lang='lat' dir='ltr'>Ver&lt;</span> 
     </span>
     <span class='ocr_line' id='line_1_61' title="bbox 855 2018 1520 2060; baseline -0.002 -11"><span class='ocrx_word' id='word_1_416' title='bbox 855 2019 998 2058; x_wconf 88' lang='lat' dir='ltr'>bindung</span> <span class='ocrx_word' id='word_1_417' title='bbox 1012 2018 1069 2049; x_wconf 89' lang='lat' dir='ltr'>mit</span> <span class='ocrx_word' id='word_1_418' title='bbox 1081 2018 1217 2060; x_wconf 73' lang='lat' dir='ltr'>Syphax</span> <span class='ocrx_word' id='word_1_419' title='bbox 1232 2019 1354 2049; x_wconf 84' lang='lat' dir='ltr'>liessen</span> <span class='ocrx_word' id='word_1_420' title='bbox 1374 2018 1520 2054; x_wconf 80' lang='lat' dir='ltr'>schwer—</span> 
     </span>
     <span class='ocr_line' id='line_1_62' title="bbox 854 2061 1519 2103; baseline -0.002 -8"><span class='ocrx_word' id='word_1_421' title='bbox 854 2064 917 2095; x_wconf 85' lang='lat' dir='ltr'>lich</span> <span class='ocrx_word' id='word_1_422' title='bbox 942 2063 1086 2103; x_wconf 86' lang='lat' dir='ltr'>sogleich</span> <span class='ocrx_word' id='word_1_423' title='bbox 1117 2064 1210 2095; x_wconf 85' lang='lat' dir='ltr'>einen</span> <span class='ocrx_word' id='word_1_424' title='bbox 1238 2062 1371 2103; x_wconf 82' lang='lat' dir='ltr'>Angriff</span> <span class='ocrx_word' id='word_1_425' title='bbox 1390 2061 1448 2094; x_wconf 85' lang='lat' dir='ltr'>auf</span> <span class='ocrx_word' id='word_1_426' title='bbox 1469 2063 1519 2094; x_wconf 88' lang='lat' dir='ltr'>die</span> 
     </span>
     <span class='ocr_line' id='line_1_63' title="bbox 855 2107 1348 2149; baseline -0.004 -9"><span class='ocrx_word' id='word_1_427' title='bbox 855 2109 952 2140; x_wconf 82' lang='lat' dir='ltr'>Stadt</span> <span class='ocrx_word' id='word_1_428' title='bbox 967 2107 1132 2148; x_wconf 84' lang='lat' dir='ltr'>fiirchten,</span> <span class='ocrx_word' id='word_1_429' title='bbox 1151 2118 1177 2139; x_wconf 88' lang='lat' dir='ltr'>s.</span> <span class='ocrx_word' id='word_1_430' title='bbox 1197 2107 1249 2148; x_wconf 84' lang='lat'>30,</span> <span class='ocrx_word' id='word_1_431' title='bbox 1269 2109 1298 2149; x_wconf 85' lang='lat'>9,</span> <span class='ocrx_word' id='word_1_432' title='bbox 1318 2107 1348 2139; x_wconf 88' lang='grc'>3.</span> 
     </span>
    </p>

    <p class='ocr_par' dir='ltr' id='par_1_10' title="bbox 853 2153 1521 2375">
     <span class='ocr_line' id='line_1_64' title="bbox 903 2153 1518 2195; baseline 0 -11"><span class='ocrx_word' id='word_1_433' title='bbox 903 2153 1056 2185; x_wconf 87' lang='lat'>10—11.</span> <span class='ocrx_word' id='word_1_434' title='bbox 1081 2153 1240 2195; x_wconf 76' lang='lat' dir='ltr'>speeulat.</span> <span class='ocrx_word' id='word_1_435' title='bbox 1266 2171 1309 2175; x_wconf 91' lang='lat'>—</span> <span class='ocrx_word' id='word_1_436' title='bbox 1328 2154 1428 2192; x_wconf 65' lang='lat' dir='ltr'>turb„</span> <span class='ocrx_word' id='word_1_437' title='bbox 1451 2154 1518 2193; x_wconf 80' lang='lat' dir='ltr'>vgl.</span> 
     </span>
     <span class='ocr_line' id='line_1_65' title="bbox 854 2197 1520 2239; baseline 0 -10"><span class='ocrx_word' id='word_1_438' title='bbox 854 2198 937 2229; x_wconf 88' lang='lat' dir='ltr'>iiber</span> <span class='ocrx_word' id='word_1_439' title='bbox 959 2199 1049 2229; x_wconf 90' lang='lat' dir='ltr'>diese</span> <span class='ocrx_word' id='word_1_440' title='bbox 1072 2199 1287 2237; x_wconf 80' lang='lat' dir='ltr'>Verbindung</span> <span class='ocrx_word' id='word_1_441' title='bbox 1311 2198 1341 2239; x_wconf 85' lang='lat'>2,</span> <span class='ocrx_word' id='word_1_442' title='bbox 1366 2197 1419 2238; x_wconf 88' lang='grc'>34,</span> <span class='ocrx_word' id='word_1_443' title='bbox 1445 2197 1463 2228; x_wconf 91' lang='grc'><strong>3</strong></span> <span class='ocrx_word' id='word_1_444' title='bbox 1489 2209 1520 2229; x_wconf 77' lang='grc' dir='ltr'>υ,</span> 
     </span>
     <span class='ocr_line' id='line_1_66' title="bbox 855 2242 1521 2285; baseline -0.002 -10"><span class='ocrx_word' id='word_1_445' title='bbox 855 2243 907 2283; x_wconf 78' lang='grc'>34,</span> <span class='ocrx_word' id='word_1_446' title='bbox 926 2243 977 2285; x_wconf 75' lang='lat'>62,</span> <span class='ocrx_word' id='word_1_447' title='bbox 993 2244 1023 2274; x_wconf 85' lang='lat'>5.</span> <span class='ocrx_word' id='word_1_448' title='bbox 1043 2262 1086 2266; x_wconf 87' lang='lat'>—-</span> <span class='ocrx_word' id='word_1_449' title='bbox 1104 2244 1298 2284; x_wconf 64' lang='lat' dir='ltr'>egredient„</span> <span class='ocrx_word' id='word_1_450' title='bbox 1317 2253 1387 2274; x_wconf 88' lang='lat' dir='ltr'>man</span> <span class='ocrx_word' id='word_1_451' title='bbox 1407 2242 1521 2283; x_wconf 84' lang='lat' dir='ltr'>glaubt</span> 
     </span>
     <span class='ocr_line' id='line_1_67' title="bbox 854 2288 1519 2328; baseline 0.002 -9"><span class='ocrx_word' id='word_1_452' title='bbox 854 2289 942 2323; x_wconf 79' lang='lat' dir='ltr'>also,</span> <span class='ocrx_word' id='word_1_453' title='bbox 968 2288 1016 2319; x_wconf 83' lang='lat' dir='ltr'>sie</span> <span class='ocrx_word' id='word_1_454' title='bbox 1038 2289 1127 2319; x_wconf 87' lang='lat' dir='ltr'>seien</span> <span class='ocrx_word' id='word_1_455' title='bbox 1148 2289 1228 2320; x_wconf 82' lang='lat' dir='ltr'>noch</span> <span class='ocrx_word' id='word_1_456' title='bbox 1248 2289 1337 2320; x_wconf 79' lang='lat' dir='ltr'>nicht</span> <span class='ocrx_word' id='word_1_457' title='bbox 1354 2288 1519 2328; x_wconf 79' lang='lat' dir='ltr'>gelandet.</span> 
     </span>
     <span class='ocr_line' id='line_1_68' title="bbox 853 2333 1519 2375; baseline 0 -11"><span class='ocrx_word' id='word_1_458' title='bbox 853 2352 898 2357; x_wconf 88' lang='lat'><strong>—</strong></span> <span class='ocrx_word' id='word_1_459' title='bbox 917 2334 1061 2375; x_wconf 74' lang='lat' dir='ltr'>thscam,</span> <span class='ocrx_word' id='word_1_460' title='bbox 1079 2344 1183 2374; x_wconf 79' lang='lat' dir='ltr'>gegen</span> <span class='ocrx_word' id='word_1_461' title='bbox 1202 2333 1297 2372; x_wconf 61' lang='lat' dir='ltr'>Urio„</span> <span class='ocrx_word' id='word_1_462' title='bbox 1316 2333 1424 2373; x_wconf 79' lang='lat' dir='ltr'>wenig</span> <span class='ocrx_word' id='word_1_463' title='bbox 1441 2333 1519 2364; x_wconf 83' lang='lat' dir='ltr'>siid-</span> 
     </span>
    </p>
   </div>
   <div class='ocr_carea' id='block_1_8' title="bbox 853 2378 1545 2420">
    <p class='ocr_par' dir='ltr' id='par_1_11' title="bbox 853 2378 1545 2420">
     <span class='ocr_line' id='line_1_69' title="bbox 853 2378 1545 2420; baseline -0.006 -9"><span class='ocrx_word' id='word_1_464' title='bbox 853 2380 1003 2411; x_wconf 81' lang='lat' dir='ltr'>westlich</span> <span class='ocrx_word' id='word_1_465' title='bbox 1037 2390 1099 2410; x_wconf 75' lang='lat' dir='ltr'>von</span> <span class='ocrx_word' id='word_1_466' title='bbox 1133 2380 1204 2410; x_wconf 79' lang='lat' dir='ltr'>dem</span> <span class='ocrx_word' id='word_1_467' title='bbox 1237 2383 1398 2420; x_wconf 85' lang='lat' dir='ltr'>promont.</span> <span class='ocrx_word' id='word_1_468' title='bbox 1444 2378 1545 2416; x_wconf 25' lang='lat' dir='ltr'>Pul-3</span> 
     </span>
    </p>
   </div>
   <div class='ocr_carea' id='block_1_9' title="bbox 851 2423 1518 2513">
    <p class='ocr_par' dir='ltr' id='par_1_12' title="bbox 851 2423 1518 2513">
     <span class='ocr_line' id='line_1_70' title="bbox 855 2423 1518 2464; baseline 0 -9"><span class='ocrx_word' id='word_1_469' title='bbox 855 2426 982 2464; x_wconf 84' lang='lat' dir='ltr'>chrum,</span> <span class='ocrx_word' id='word_1_470' title='bbox 1006 2435 1032 2454; x_wconf 84' lang='lat' dir='ltr'>s.</span> <span class='ocrx_word' id='word_1_471' title='bbox 1057 2435 1097 2455; x_wconf 87' lang='lat' dir='ltr'>zu</span> <span class='ocrx_word' id='word_1_472' title='bbox 1121 2435 1147 2455; x_wconf 84' lang='lat' dir='ltr'>c.</span> <span class='ocrx_word' id='word_1_473' title='bbox 1167 2425 1220 2462; x_wconf 72' lang='lat'>27,</span> <span class='ocrx_word' id='word_1_474' title='bbox 1242 2424 1291 2455; x_wconf 76' lang='lat'>12.</span> <span class='ocrx_word' id='word_1_475' title='bbox 1310 2442 1352 2446; x_wconf 97' lang='lat'><strong>—</strong></span> <span class='ocrx_word' id='word_1_476' title='bbox 1373 2423 1518 2455; x_wconf 63' lang='lat' dir='ltr'>{tonellos</span> 
     </span>
     <span class='ocr_line' id='line_1_71' title="bbox 851 2468 1418 2513; baseline -0.004 -12"><span class='ocrx_word' id='word_1_477' title='bbox 851 2480 916 2513; x_wconf 58' lang='lat' dir='ltr'>pta,</span> <span class='ocrx_word' id='word_1_478' title='bbox 933 2470 984 2501; x_wconf 78' lang='lat' dir='ltr'>(lic</span> <span class='ocrx_word' id='word_1_479' title='bbox 1003 2468 1165 2510; x_wconf 75' lang='lat' dir='ltr'>bereits§</span> <span class='ocrx_word' id='word_1_480' title='bbox 1188 2469 1198 2501; x_wconf 91' lang='lat' dir='ltr'>l</span> <span class='ocrx_word' id='word_1_481' title='bbox 1221 2473 1418 2509; x_wconf 80' lang='lat' dir='ltr'>genannten.</span> 
     </span>
    </p>
   </div>
   <div class='ocr_carea' id='block_1_10' title="bbox 855 2554 1519 2692">
    <p class='ocr_par' dir='ltr' id='par_1_13' title="bbox 855 2554 1519 2692">
     <span class='ocr_line' id='line_1_72' title="bbox 900 2554 1519 2600; baseline -0.003 -9"><span class='ocrx_word' id='word_1_482' title='bbox 900 2554 964 2600; x_wconf 55' lang='grc' dir='ltr'>ΞΕ),</span> <span class='ocrx_word' id='word_1_483' title='bbox 994 2560 1100 2591; x_wconf 80' lang='grc'><strong>1-5.</strong></span> <span class='ocrx_word' id='word_1_484' title='bbox 1128 2559 1226 2590; x_wconf 82' lang='lat' dir='ltr'>Erste</span> <span class='ocrx_word' id='word_1_485' title='bbox 1252 2558 1519 2599; x_wconf 77' lang='lat' dir='ltr'>Unternelimung</span> 
     </span>
     <span class='ocr_line' id='line_1_73' title="bbox 855 2603 1409 2647; baseline -0.004 -11"><span class='ocrx_word' id='word_1_486' title='bbox 855 2605 981 2647; x_wconf 82' lang='lat' dir='ltr'>Scipios</span> <span class='ocrx_word' id='word_1_487' title='bbox 1000 2606 1030 2636; x_wconf 93' lang='lat' dir='ltr'>in</span> <span class='ocrx_word' id='word_1_488' title='bbox 1050 2603 1178 2643; x_wconf 80' lang='lat' dir='ltr'>Afrira;</span> <span class='ocrx_word' id='word_1_489' title='bbox 1206 2604 1287 2636; x_wconf 78' lang='lat' dir='ltr'>Zon.</span> <span class='ocrx_word' id='word_1_490' title='bbox 1308 2605 1337 2645; x_wconf 77' lang='lat'>9,</span> <span class='ocrx_word' id='word_1_491' title='bbox 1360 2603 1409 2635; x_wconf 89' lang='lat'>12.</span> 
     </span>
     <span class='ocr_line' id='line_1_74' title="bbox 903 2648 1518 2692; baseline -0.003 -11"><span class='ocrx_word' id='word_1_492' title='bbox 903 2651 1009 2681; x_wconf 77' lang='lat'>1——3.</span> <span class='ocrx_word' id='word_1_493' title='bbox 1034 2652 1065 2681; x_wconf 76' lang='lat'>2&#39;71</span> <span class='ocrx_word' id='word_1_494' title='bbox 1085 2652 1219 2692; x_wconf 76' lang='lat' dir='ltr'>quibus,</span> <span class='ocrx_word' id='word_1_495' title='bbox 1238 2660 1263 2681; x_wconf 81' lang='lat' dir='ltr'>s.</span> <span class='ocrx_word' id='word_1_496' title='bbox 1283 2660 1309 2680; x_wconf 83' lang='lat' dir='ltr'>c.</span> <span class='ocrx_word' id='word_1_497' title='bbox 1330 2650 1382 2690; x_wconf 77' lang='lat'>25,</span> <span class='ocrx_word' id='word_1_498' title='bbox 1401 2648 1438 2688; x_wconf 71' lang='grc' dir='ltr'>ὃς</span> <span class='ocrx_word' id='word_1_499' title='bbox 1465 2648 1518 2689; x_wconf 79' lang='grc'>27,</span> 
     </span>
    </p>
   </div>
   <div class='ocr_carea' id='block_1_11' title="bbox 1553 448 1571 479">
    <p class='ocr_par' dir='ltr' id='par_1_14' title="bbox 1553 448 1571 479">
     <span class='ocr_line' id='line_1_75' title="bbox 1553 448 1571 479; baseline 0 0"><span class='ocrx_word' id='word_1_500' title='bbox 1553 448 1571 479; x_wconf 84' lang='grc'>6</span> 
     </span>
    </p>
   </div>
   <div class='ocr_carea' id='block_1_12' title="bbox 1553 563 1570 593">
    <p class='ocr_par' dir='ltr' id='par_1_15' title="bbox 1553 563 1570 593">
     <span class='ocr_line' id='line_1_76' title="bbox 1553 563 1570 593; baseline 0 0"><span class='ocrx_word' id='word_1_501' title='bbox 1553 563 1570 593; x_wconf 84' lang='grc'>7</span> 
     </span>
    </p>
   </div>
   <div class='ocr_carea' id='block_1_13' title="bbox 1552 901 1571 933">
    <p class='ocr_par' dir='ltr' id='par_1_16' title="bbox 1552 901 1571 933">
     <span class='ocr_line' id='line_1_77' title="bbox 1552 901 1571 933; baseline 0 0"><span class='ocrx_word' id='word_1_502' title='bbox 1552 901 1571 933; x_wconf 85' lang='grc'><strong>9</strong></span> 
     </span>
    </p>
   </div>
   <div class='ocr_carea' id='block_1_14' title="bbox 1554 1071 1593 1102">
    <p class='ocr_par' dir='ltr' id='par_1_17' title="bbox 1554 1071 1593 1102">
     <span class='ocr_line' id='line_1_78' title="bbox 1554 1071 1593 1102; baseline 0 0"><span class='ocrx_word' id='word_1_503' title='bbox 1554 1071 1593 1102; x_wconf 77' lang='grc' dir='ltr'>ῙΟ</span> 
     </span>
    </p>
   </div>
   <div class='ocr_carea' id='block_1_15' title="bbox 1555 1183 1591 1215">
    <p class='ocr_par' dir='ltr' id='par_1_18' title="bbox 1555 1183 1591 1215">
     <span class='ocr_line' id='line_1_79' title="bbox 1555 1183 1591 1215; baseline 0.028 -1"><span class='ocrx_word' id='word_1_504' title='bbox 1555 1183 1591 1215; x_wconf 71' lang='grc'>11</span> 
     </span>
    </p>
   </div>
  </div>
 </body>
</html>
