1784 2967
82 854 119 885 10

82 1136 117 1166 15

148 248 173 265 a.
190 239 242 267 Ch.
259 243 319 266 212.
581 230 708 262 LIBER
724 230 834 264 XXV.
869 231 958 265 CAP.
977 233 1029 265 34.
1049 233 1103 266 35.

148 338 211 384 pta
240 339 314 372 est:
355 339 522 373 ceterum
551 340 595 373 ut
621 333 666 372 ad
694 333 972 382 erumpendum
1002 335 1097 374 inter
1124 336 1309 375 Numidas
1335 336 1551 388 leviumque

147 402 343 429 armorum
383 391 451 429 alia
479 391 615 430 auxilia
652 389 751 428 haud
784 389 945 429 difficilis
981 399 1074 438 erat,
1113 392 1163 431 ita
1195 394 1361 444 effugere
1398 399 1548 432 tantum
1582 398 1620 429 14

147 446 318 497 equitum
350 448 667 499 aequantiumque
697 459 818 497 equos
846 446 1041 486 velocitate
1070 448 1240 499 peditum
1270 450 1329 489 vix
1355 455 1552 500 poterant3

149 503 326 554 caesique
354 517 478 556 prope
504 505 635 555 plures
664 503 704 541 in
730 504 818 553 fuga
843 515 955 553 quam
977 504 1016 542 in
1037 517 1164 555 pugna
1184 511 1294 555 sunt,
1323 518 1393 545 nec
1413 519 1552 558 super-

147 560 287 599 fuisset
313 561 535 613 quisquam,
564 560 603 599 ni
631 560 831 611 praecipiti
857 561 933 598 iam
962 561 1007 599 ad
1030 573 1235 612 vesperum
1253 563 1312 602 die
1333 575 1411 602 nox
1431 563 1551 603 inter-

149 625 323 657 venisset.

258 674 367 712 Haud
401 673 568 724 segniter
602 673 692 712 inde
719 673 834 712 duces
863 673 982 712 Poeni
1015 673 1169 712 fortuna
1203 674 1263 712 usi
1301 675 1503 714 confestim
1532 678 1621 717 e35

145 730 289 781 proelio
319 731 377 769 vix
406 730 619 769 necessaria
638 730 762 781 quiete
785 730 869 769 data
898 730 1082 768 militibus
1106 730 1152 769 ad
1174 731 1450 770 Hasdrubalem
1473 732 1548 771 Ha-

153 787 316 825 milcaris
355 787 510 825 citatum
538 799 675 837 agmen
704 786 875 837 rapiunt,
899 798 978 824 non
1007 786 1122 825 dubia
1150 799 1237 837 spe,
1278 800 1364 826 cum
1390 800 1427 826 se
1455 800 1550 827 con-

150 843 378 890 junxissent,
408 844 583 883 debellari
607 857 736 894 posse.
779 856 855 894 quo
878 843 943 882 ubi
964 848 1023 881 est
1042 848 1218 890 ventum,
1241 844 1341 882 inter
1362 844 1550 883 exercitus
1582 853 1600 883 2

147 901 340 951 ducesque
371 900 525 939 victoria
556 901 697 939 recenti
725 900 843 938 laetos
873 900 1070 949 gratulatio
1099 900 1234 949 ingens
1262 900 1359 939 facta
1385 900 1552 952 impera-

145 962 229 995 tore
256 962 361 996 tanto
391 970 476 996 cum
511 957 616 995 omni
644 957 810 995 exercitu
838 957 958 995 deleto
988 962 1024 995 et
1045 956 1200 995 alteram
1222 969 1292 1007 pro
1315 957 1415 996 haud
1439 957 1552 996 (lubia

147 1027 277 1064 parem
307 1014 500 1052 victoriam
530 1019 785 1064 expectantes.
827 1014 872 1052 ad
896 1014 1092 1051 Romanos
1120 1013 1295 1052 nondum
1319 1013 1472 1064 quidem
1493 1014 1551 1052 fa·
1583 1025 1601 1055 3

150 1084 208 1109 ma
240 1076 365 1109 tantae
393 1071 507 1109 cladis
542 1076 782 1122 pervenerat,
819 1070 884 1108 sed
914 1074 1105 1108 maestum
1134 1070 1329 1119 quoddam
1358 1070 1551 1109 silentium

148 1133 228 1165 erat
255 1133 291 1165 et
320 1127 431 1166 tacita
459 1127 652 1173 divinatio,
679 1127 799 1178 qualis
821 1127 894 1164 iam
918 1125 1248 1176 praesagientibus
1271 1126 1409 1165 animis
1433 1126 1550 1165 inmi—

148 1185 272 1223 nentis
294 1185 381 1222 mali
404 1197 489 1222 esse
510 1184 618 1222 solet.
659 1183 870 1234 imperator
891 1182 985 1233 ipse,
1009 1188 1276 1234 praeterquam
1299 1183 1404 1233 quod
1421 1183 1466 1221 ab
1484 1196 1551 1222 so-
1582 1193 1601 1224 4

148 1240 214 1278 ciis
237 1253 278 1279 se
299 1241 506 1285 desertum,
529 1240 700 1279 hostium
717 1245 868 1278 tantum
890 1244 1018 1278 auctas
1041 1238 1171 1290 copias
1193 1239 1394 1284 sentiebat,
1419 1239 1551 1278 conie-

147 1304 251 1336 ctura
280 1296 395 1335 etiam
424 1302 461 1335 et
487 1297 636 1335 ratione
663 1297 708 1335 ad
740 1296 1001 1347 suspicionem
1030 1301 1205 1346 acceptae
1227 1295 1342 1335 cladis
1365 1308 1479 1347 quam
1504 1296 1551 1334 ad

147 1354 259 1392 ullam
282 1353 423 1391 honam
448 1366 557 1404 spem
581 1353 745 1404 pronior
762 1359 858 1391 erat:
882 1365 1050 1403 quonam
1070 1353 1186 1392 modo
1206 1353 1307 1391 enim
1326 1352 1549 1392 Hasdruba-
1583 1367 1601 1397 5

148 1410 220 1449 lem
243 1423 285 1449 ac
304 1410 527 1461 Magonem,
550 1410 624 1449 nisi
647 1410 848 1449 defunctos
872 1422 943 1448 suo
966 1409 1076 1456 bello,
1099 1409 1180 1448 sine
1203 1409 1409 1448 certamine
1430 1409 1551 1448 addu—

195 1533 337 1566 13—14.
362 1536 468 1575 inter,
503 1534 668 1566 zwischen
701 1534 814 1565 durch.

147 1598 190 1601 ——
207 1579 326 1612 leriam
350 1591 435 1612 arm,
461 1591 561 1621 alex„
587 1591 611 1611 s.
630 1579 688 1619 22,
707 1579 759 1619 37,
785 1579 815 1610 7.

148 1644 190 1648 —<
207 1625 373 1667 difficilis,
408 1626 491 1657 dazu
514 1627 575 1666 ist,
612 1635 706 1656 wenn
728 1625 816 1655 nieht

149 1671 198 1702 ein
224 1671 363 1702 anderes
389 1671 581 1703 Substantiv
611 1669 815 1711 ausgci'allen

150 1717 200 1757 ist,
219 1717 448 1758 wiedersaga
466 1727 506 1747 zu
525 1717 671 1756 nehmen,
690 1716 815 1746 (13111311

150 1772 211 1792 nur
228 1772 269 1792 zu
287 1762 531 1792 durchbrechen
550 1762 656 1799 hatte,
675 1761 727 1791 bei
745 1761 817 1791 dem

153 1806 416 1837 llurchbrechen.
441 1806 529 1837 Doch
552 1807 641 1837 wilre
663 1806 714 1836 die
734 1805 817 1837 Ver-

151 1851 200 1882 hin
207 1851 387 1893 dungsuga
395 1851 543 1893 (lffficilis
552 1851 597 1882 ad
603 1862 731 1893 eritmp.
741 1851 797 1881 seh
804 1860 818 1880 r

151 1898 224 1927 hart
242 1898 305 1927 und
324 1897 386 1927 wel
406 1907 467 1927 nur
493 1897 592 1927 durch
612 1897 662 1927 die
682 1894 817 1927 Entser-

151 1952 237 1981 nung
265 1952 328 1973 von
347 1943 446 1983 suga
475 1942 539 1973 und
568 1940 619 1973 die
636 1941 729 1973 Niihe
754 1952 815 1972 von

149 1987 299 2029 difficilis
313 1998 354 2017 zu
371 1987 546 2024 erkliireng
580 1998 606 2018 s.
636 1986 672 2027 3,
702 1987 739 2024 5,
760 1985 816 2017 12:

149 2032 289 2074 difficile
306 2032 483 2075 aclfidem;
510 2032 576 2063 Cic.
600 2031 699 2063 Tusc.
724 2031 761 2071 2,
788 2031 816 2070 7,

154 2078 208 2109 IS:
226 2089 280 2109 res
296 2077 342 2109 ad
359 2077 568 2109 tolerandum
587 2077 757 2119 difficili&
780 2076 817 2107 L.

151 2123 275 2163 27,11,
300 2123 336 2154 5;
355 2123 519 2165 faciliore
547 2122 592 2154 acl
620 2121 820 2165 duplicanda

151 2169 249 2200 rerba
286 2167 410 2200 Graeco
449 2169 611 2210 sermone
651 2179 682 2199 u.
717 2178 746 2199 a.
776 2186 819 2189 -

150 2215 335 2255 praecipiti,
355 2224 380 2244 s.
398 2214 428 2251 4,
448 2214 478 2253 9,
500 2213 551 2244 13.

197 2251 265 2289 35.
295 2258 391 2290 1-2.
411 2258 620 2301 Hamilcaris,
638 2258 689 2296 2⁴5,
712 2257 761 2295 17,
780 2256 818 2296 43

153 2315 179 2334 ‹·.
200 2304 249 2345 37,
270 2302 306 2341 8;
327 2303 379 2345 23,
397 2303 446 2341 12,
465 2303 520 2335 13;
540 2302 732 2336 Hasdrubal
747 2301 819 2334 Gis-

150 2351 271 2390 gonis;
290 2347 327 2379 Z.
343 2348 363 2389 ξ
378 2349 454 2380 761.
469 2366 512 2372 ——
527 2351 666 2380 citatum
679 2367 722 2371 ——
735 2358 820 2390 rap„

152 2395 211 2425 der
225 2394 467 2436 pleonastische
479 2394 653 2426 Ausdruck
670 2394 822 2424 bezeich-

153 2445 208 2471 net
235 2440 286 2470 die
316 2450 433 2479 grosse
461 2439 542 2470 Eile.
565 2458 610 2462 —
627 2449 703 2470 cum
731 2450 758 2470 s.
785 2448 822 2481 c.,

154 2485 193 2515 ol)
213 2495 274 2515 nur
295 2495 370 2516 emti
400 2495 425 2515 s.
456 2484 522 2515 Cic.
552 2484 621 2515 Ait.
648 2484 678 2523 7,
709 2483 767 2525 20,
785 2483 820 2514 2;

156 2529 330 2574 turpitudo
355 2529 584 2571 coniungendi
606 2540 680 2561 (eum
706 2531 823 2571 tyran-

153 2586 208 2614 no,
234 2576 315 2606 oder
339 2577 420 2606 auch
447 2586 493 2616 se,
514 2574 565 2616 23,
589 2574 641 2615 30,
663 2574 700 2613 2,
727 2574 823 2615 l'elile,

155 2621 199 2652 ist
216 2621 307 2652 nicht
324 2632 365 2652 zu
380 2620 584 2652 bestiinmen.
598 2639 635 2643 —
655 2621 825 2660 coninua,

156 2676 183 2697 S.
201 2676 243 2697 zu
262 2665 315 2707 31,
334 2665 387 2706 38,
402 2666 433 2698 4.
448 2684 487 2688 —-—
505 2664 681 2708 grands.
700 2665 763 2697 wie
773 2665 826 2706 30,

888 1533 942 1570 40,
951 1532 981 1564 3.
991 1551 1036 1555 —
1044 1531 1150 1564 deleto
1161 1550 1205 1554 —
1214 1534 1440 1575 eoepectantes,
1450 1532 1516 1573 vgl.
1527 1532 1557 1574 5,

892 1578 943 1617 18,
968 1579 1004 1616 ὃς
1036 1582 1119 1609 statt
1147 1579 1354 1621 imperatore
1379 1595 1424 1600 -—
1451 1577 1557 1610 deleto

889 1625 961 1655 dem
979 1623 1124 1665 Particip
1142 1624 1429 1661 unterzuordnen,
1454 1623 1497 1654 ist
1521 1633 1557 1654 es

890 1670 952 1700 ihm
967 1669 1193 1709 beigeordnet,
1212 1669 1284 1700 eine
1299 1668 1469 1700 bisweilen
1489 1668 1555 1700 sich

890 1714 1056 1752 findende,
1083 1714 1231 1754 weniger
1261 1723 1387 1754 genaue
1418 1713 1558 1745 Verbin-

890 1761 986 1800 dung,
1006 1770 1031 1790 s.
1050 1759 1103 1799 45,
1120 1759 1149 1797 7,
1169 1760 1202 1790 5;
1221 1760 1324 1790 izcssis
1337 1759 1462 1790 aliis—
1475 1769 1558 1802 pro-

888 1814 1117 1846 g1·essusque;
1135 1804 1217 1835 Sall.
1232 1803 1255 1835 Ι.
1266 1804 1317 1846 98,
1331 1804 1368 1842 43
1386 1804 1463 1835 Tac.
1474 1805 1558 1836 Anu.

891 1850 920 1891 3,
948 1850 998 1891 11,
1032 1850 1082 1880 die
1105 1849 1185 1880 aber
1208 1849 1331 1880 ebenso
1352 1853 1434 1881 statt
1456 1850 1559 1880 haben

891 1895 993 1935 kann,
1023 1895 1085 1926 wie
1105 1895 1155 1926 die
1183 1905 1244 1925 von
1267 1895 1387 1935 adject.
1413 1895 1475 1925 und
1494 1894 1558 1927 abl.

892 1941 972 1971 oder
985 1940 1084 1979 genit.
1101 1939 1268 1981 qualitatis
1284 1950 1316 1970 u.
1332 1940 1369 1982 3.,
1387 1950 1412 1971 S.
1425 1950 1451 1972 e.
1467 1939 1558 1980 36,5.

936 1985 1033 2016 3—4.
1062 1987 1232 2016 maostzmz
1261 1989 1340 2024 ete„
1372 1995 1398 2016 5.
1423 1985 1560 2016 Einleit.

892 2031 926 2062 S.
948 2030 1000 2061 19.
1016 2049 1058 2052 —
1076 2030 1247 2069 divinatio,
1266 2040 1293 2060 5.
1313 2029 1366 2071 26,
1385 2030 1438 2070 20,
1457 2030 1490 2061 5:
1510 2030 1559 2061 di-

892 2077 1015 2108 vinario
1033 2075 1194 2117 quaedam
1214 2076 1349 2116 futuri,
1383 2076 1434 2106 ein
1460 2075 1559 2106 durch

893 2122 1015 2153 hiihere
1030 2120 1247 2160 Einwirkung
1264 2124 1415 2161 erregtes
1433 2120 1562 2159 Vorge-

890 2166 976 2209 fiihl,
1004 2166 1160 2198 wiihrend
1189 2168 1388 2209 praesagire
1415 2166 1473 2197 das
1501 2175 1559 2196 aus

892 2213 963 2244 dem
981 2212 1223 2243 menschlichen
1240 2210 1354 2243 Geiste
1369 2211 1474 2242 sclbst
1487 2214 1559 2241 ent-

893 2258 1091 2300 springende
1121 2257 1334 2293 bezeichnet3
1364 2265 1476 2298 praes.
1508 2266 1560 2286 cm.

894 2304 937 2335 ist
955 2303 1018 2334 abl.
1036 2302 1104 2334 abs.
1123 2302 1187 2333 und
1217 2312 1257 2332 zu
1274 2301 1355 2332 mali
1371 2301 1414 2331 ist
1437 2300 1562 2331 wieder

894 2349 1057 2381 divinatio
1084 2358 1125 2378 zu
1148 2346 1287 2378 denken.
1311 2364 1355 2368 -
1377 2346 1562 2377 coniectare

897 2394 947 2425 die
968 2393 1218 2431 Muthmassung
1243 2401 1301 2422 aus
1325 2390 1562 2422 W'ahrscheiu-

894 2437 1219 2477 lichkeitsgriinden3
1245 2437 1392 2474 ratione,
1418 2436 1562 2467 Berech-

896 2494 1000 2524 nung3
1019 2484 1175 2525 suspicio,
1189 2480 1415 2520 Vermuthung
1430 2489 1494 2513 von
1514 2485 1563 2512 et-

896 2540 965 2561 was
984 2527 1260 2568 Ungliicklichen,
1290 2526 1355 2565 vgl.
1375 2526 1433 2565 32,
1453 2525 1505 2563 30,
1524 2526 1560 2563 9;

900 2575 928 2614 1,
948 2575 977 2614 5,
994 2575 1029 2612 53
1047 2584 1088 2604 zu
1107 2573 1164 2603 (lcr
1181 2581 1306 2612 ganzcu
1326 2571 1490 2603 Situation
1508 2570 1562 2611 27,

898 2620 950 2661 47,
969 2620 999 2650 5.

944 2662 1054 2696 5—6.
1087 2661 1276 2705 defunctos,
1323 2661 1480 2694 nachdem
1513 2661 1561 2693 sie
