1784 2967
39 889 80 921 10

39 1169 79 1201 15

37 1449 82 1481 20

107 286 137 304 a.
151 278 204 306 ch.
220 278 281 303 204.

576 267 702 301 LIBER
719 267 850 300 XXIX.
888 267 979 300 CAP.
1008 268 1048 300 24

1431 270 1512 309 293

108 371 167 411 fas
193 371 309 411 fidem
338 372 513 411 dexteras
535 371 649 418 deos,
669 370 779 410 testis
801 375 914 422 atque
935 371 1099 411 arbitros
1122 376 1423 419 conventorum,
1443 371 1514 410 fal-

106 427 168 467 lat.
209 433 379 467 ceterum
402 428 555 480 quando
578 439 701 479 neque
727 427 841 466 celari
868 428 1054 467 adventus
1076 428 1332 468 Numidarum
1362 433 1516 480 poterat
1543 434 1564 464 4

89 507 163 515 5-
183 485 304 536 vagati
334 485 434 524 enim
463 485 504 524 in
530 484 624 523 urbe
653 483 920 535 obversatique
946 485 1141 536 praetorio
1170 490 1279 524 erant
1305 507 1379 532 —,

1399 490 1453 531 et,
1484 484 1516 522 si

110 542 298 588 sileretur,
317 541 406 593 quid
424 546 599 593 petentes
617 540 828 587 venissent,
844 541 1056 591 periculum
1075 547 1167 588 erat,
1184 554 1233 580 ne
1248 554 1334 581 vera
1350 555 1396 580 eo
1414 541 1516 592 ipso,

110 598 213 650 quod
236 599 464 645 celarentur,
486 610 554 636 sua
576 603 717 649 sponte
739 598 860 648 magis
883 604 1120 645 emanarent,
1139 598 1334 649 timorque
1349 598 1389 637 in
1406 609 1516 636 exer-

110 656 228 695 citum
264 654 464 700 incideret,
494 666 542 692 ne
572 654 687 693 simul
714 667 800 693 cum
832 667 920 705 rege
947 660 984 693 et
1011 655 1389 706 Carthaginiensibus
1415 654 1519 692 foret

108 711 341 758 bellandum,
364 710 499 749 avertit
514 723 533 749 a
550 723 640 749 vero
657 711 764 750 falsis
782 711 1103 763 praeoccupando
1126 716 1275 750 mentes
1300 711 1517 756 hominum,

109 773 147 807 et
179 767 325 806 vocatis
360 767 406 806 ad
443 768 667 806 contionem
695 768 880 807 militibus
915 780 994 806 non
1019 768 1117 807 ultra
1145 781 1230 807 esse
1258 767 1517 807 cunctandum
1546 774 1565 804 5

108 825 178 864 ait:
205 824 368 871 instare,
397 828 441 862 ut
467 824 504 862 in
527 824 693 863 Africam
715 837 830 876 quam
852 826 1021 875 primum
1043 825 1209 871 traiciat,
1236 825 1366 863 socios
1393 835 1517 874 reges,

108 880 354 920 Masinissam
383 881 512 931 ipsum
544 881 652 932 prius
681 881 727 919 ad
754 881 926 920 Laelium
955 881 1108 920 venisse
1137 886 1378 932 querentem,
1413 879 1517 931 quod

108 937 326 976 cunctando
362 942 517 988 tempus
553 942 757 984 tereretur,
792 949 896 976 nunc
933 937 1149 989 Syphacem
1185 938 1337 976 mittere
1370 938 1516 987 legatos
1546 942 1565 974 6

108 994 210 1033 idem
240 993 514 1040 admirantem,
538 994 892 1045 postulantemque,
917 1000 960 1032 ut
988 999 1052 1033 aut
1078 993 1276 1033 traiciatur
1303 994 1461 1032 tandem
1478 992 1518 1030 in

108 1050 278 1088 Africam
302 1050 507 1095 exercitus,
537 1056 617 1097 aut,
639 1051 671 1089 si
694 1056 838 1090 mutata
860 1050 1018 1089 consilia
1042 1051 1137 1095 sint,
1161 1051 1301 1089 certior
1321 1050 1397 1096 fiat,
1419 1054 1461 1088 ut
1482 1053 1519 1087 et

107 1108 187 1158 ipse
213 1106 286 1145 sibi
319 1119 363 1145 ac
383 1118 503 1157 regno
527 1119 597 1146 suo
621 1107 750 1158 possit
771 1107 985 1146 consulere.
1027 1108 1153 1158 itaque
1173 1107 1266 1145 satis
1287 1107 1363 1145 iam
1385 1105 1518 1144 omni-
1547 1114 1564 1144 ἢ·

111 1162 185 1202 bus
206 1162 407 1202 instructis
424 1165 670 1231 paratisque,
698 1168 735 1202 et
754 1176 795 1202 1e
818 1164 891 1202 iam
914 1175 993 1202 non
1015 1164 1112 1202 ultra
1132 1163 1340 1214 recipiente
1362 1167 1519 1201 cuncta*

109 1219 254 1258 tionem
284 1219 323 1257 in
353 1219 483 1258 animo
512 1220 584 1258 sibi
607 1233 711 1266 esse,
732 1220 949 1259 Lilvbaeum
973 1220 1093 1258 classe
1113 1221 1286 1258 traducta
1308 1219 1521 1269 eodemque

112 1275 292 1314 omnibus
321 1276 492 1326 peditum
515 1276 763 1327 equitumque
785 1277 907 1327 copiis
932 1276 1152 1321 contractis,
1176 1289 1275 1327 quae
1291 1276 1416 1327 prima
1438 1276 1518 1313 dies

110 1344 268 1370 cursum
296 1332 456 1370 navibus
479 1333 601 1379 daret,
629 1333 711 1371 deis
734 1332 833 1371 bene
853 1333 1073 1371 iuvantibus
1096 1333 1135 1371 in
1156 1333 1322 1371 Africam
1343 1332 1517 1370 traicere.

108 1388 250 1427 litteras
281 1389 326 1426 ad
354 1389 402 1427 M.
430 1389 693 1438 Pomponium
721 1389 853 1435 mittit,
881 1394 924 1428 ut
951 1389 983 1427 si
1012 1389 1047 1427 ei
1067 1389 1278 1436 videretur,
1298 1388 1516 1439 Lilybaeum

110 1445 265 1492 veniret,
281 1450 324 1483 ut
345 1445 603 1483 communiter
625 1445 881 1493 consulerent,
903 1458 998 1496 quas
1021 1446 1272 1497 potissimum
1295 1445 1463 1496 legiones
1485 1449 1521 1482 et

107 1614 213 1645 initae
228 1613 310 1644 auch
329 1623 371 1644 zu
388 1613 533 1656 hospitii.
548 1631 592 1636 —-
606 1613 779 1654 deoeteras,

110 1668 137 1689 s.
173 1658 202 1698 1,
236 1657 289 1696 21,
323 1658 354 1689 4.
384 1675 430 1680 —
461 1658 542 1690 deos
572 1661 670 1690 testis
703 1664 778 1699 etc„

110 1703 305 1734 schwerlich
325 1703 385 1741 ist,
406 1703 482 1733 weil
500 1714 572 1734 man
595 1704 675 1734 auch
695 1703 780 1735 dea:-

112 1750 185 1779 tras
196 1747 322 1788 fallere
340 1751 414 1787 sagt
430 1748 595 1786 (dasselbe
610 1749 700 1787 giilte
715 1759 778 1779 von

101 1792 236 1834 fidem),
256 1794 353 1823 teslz's
371 1797 435 1823 etc.
459 1793 540 1823 auch
564 1791 623 1823 auf
636 1793 779 1824 deectras

111 1848 152 1869 zu
169 1837 326 1868 beziehen
339 1863 346 1875 ‚
371 1838 411 1868 da
429 1837 480 1868 bei
499 1838 571 1868 dem
590 1837 701 1869 Ceben
721 1839 780 1869 dcr

110 1882 256 1914 dea-trae
273 1883 324 1913 die
343 1881 464 1914 Giitter
482 1883 531 1913 als
551 1885 652 1914 testes
669 1894 700 1914 u.
720 1894 778 1915 αν-

110 1929 192 1960 bitri
203 1928 261 1959 des
277 1938 312 1958 so
322 1927 512 1968 gegebenen
527 1927 778 1970 Versprechens

109 1971 291 2013 angerufen
306 1973 451 2008 werden.v
470 1973 536 2013 vgl.
554 1972 583 2011 3,
599 1973 629 2010 2,
645 1974 680 2004 4:
699 1973 780 2005 cleos

109 2028 198 2050 nuuc
216 2021 319 2049 (estes
337 2028 426 2056 esse;
452 2017 481 2058 9,
505 2018 533 2057 1,
552 2018 587 2056 ῖς
615 2018 668 2058 21,
690 2018 740 2057 10,
759 2018 778 2049 2

108 2074 141 2094 n.
155 2073 203 2103 a.;
225 2063 277 2101 23,
292 2063 322 2103 9,
339 2062 372 2093 3:
391 2063 627 2106 sacratasficle
640 2074 779 2102 manus3

111 2108 404 2149 1,1,8;ib.5S‚7
420 2119 450 2139 u.
466 2118 491 2139 s.
507 2119 549 2139 w.
584 2108 650 2140 Das
667 2108 779 2140 Ganze

110 2153 156 2184 ist
170 2153 399 2191 Bezeichnung
412 2154 470 2184 des
485 2153 699 2193 Biindnisses,
715 2164 776 2184 von

110 2198 170 2229 der
192 2198 367 2237 religiosen
393 2198 495 2230 Seite.
511 2217 557 2220 —
574 2202 777 2238 concentor„

111 2253 138 2274 S.
152 2242 218 2273 Cic.
233 2242 286 2273 off.
302 2243 332 2282 3,
348 2242 399 2283 25,
415 2243 472 2274 95:
490 2246 582 2275 stare
595 2255 717 2275 conren
725 2246 777 2275 tis.

111 2287 178 2318 Das
201 2298 263 2318 von
283 2287 392 2328 Scipio
412 2287 462 2327 23,
485 2288 523 2318 15
542 2290 778 2328 geschlossene

110 2333 273 2363 Biindniss
288 2342 358 2363 war
371 2333 640 2365 wahrscheinlich
656 2335 686 2365 in
698 2334 777 2365 Rom

110 2377 272 2417 best'atigt
299 2378 444 2408 worden.
469 2395 513 2399 —
534 2381 724 2421 praetorio,
749 2390 777 2411 s.

110 2422 177 2454 Cic.
196 2421 294 2454 Verr.
313 2423 342 2461 4,
362 2421 416 2453 53:
436 2424 467 2453 2⁰71
487 2433 552 2464 qua
571 2424 702 2461 (insula)
718 2424 778 2455 (lo-

109 2479 188 2499 mus
212 2471 277 2508 est,
303 2478 386 2509 qeme-
408 2469 501 2508 regis
521 2468 674 2500 Hieronis
687 2469 778 2509 suit,

110 2523 176 2554 qua
212 2516 391 2556 praetores
428 2514 480 2543 uti
517 2513 634 2545 »solenh
668 2532 710 2536 —
743 2516 778 2545 in

111 2568 205 2590 exer.
224 2559 300 2597 inc„
319 2558 386 2596 vgl.
406 2558 498 2589 Caes
521 2559 552 2589 Β.
569 2559 602 2590 C.
625 2558 652 2599 3,
674 2558 723 2595 13,
744 2560 778 2591 2:

110 2605 226 2635 terror
241 2603 359 2635 incidie
375 2604 559 2639 effercitm}
581 2605 619 2634 da
635 2604 686 2634 die
705 2603 779 2636 Hss.

110 2649 143 2679 in
157 2651 309 2680 eoeercz'tu
323 2648 489 2679 incederet
499 2649 613 2686 haben,
630 2659 665 2679 so
677 2660 714 2680 ve
721 2660 778 2689 rm,

111 2692 254 2733 Madvig.
286 2696 320 2725 in
351 2695 504 2726 evercitu
533 2694 704 2725 insideret.
735 2712 779 2716 ——

852 1616 982 1645 mentes
1001 1614 1119 1654 gehiirt
1142 1613 1248 1645 sowol
1272 1624 1314 1644 zu
1330 1614 1454 1645 avertit
1470 1612 1520 1643 als

852 1670 894 1690 zu
910 1659 1201 1702 praeoccupando.

899 1705 1010 1735 ὁ-ῖ,
1034 1705 1177 1743 militib„
1195 1714 1232 1735 es
1250 1703 1323 1734 siud
1342 1703 1406 1733 wol
1424 1702 1477 1733 die
1491 1713 1520 1733 c.

852 1748 893 1779 22
920 1749 1114 1780 erwiihnten
1144 1749 1300 1789 gemeint.
1321 1766 1366 1770 —
1388 1747 1519 1786 admira,

852 1793 952 1824 durch
978 1792 1145 1825 Gesandte
1174 1794 1296 1832 melde,
1326 1793 1402 1824 dass
1427 1802 1464 1823 er
1483 1802 1518 1823 es

851 1838 1028 1869 auffallend
1060 1838 1156 1870 finde.
1194 1838 1242 1869 Ob
1273 1839 1315 1869 im
1339 1837 1434 1877 Folg.
1455 1847 1517 1880 po-

850 1883 1031 1914 stulantem
1061 1884 1142 1914 oder
1172 1884 1252 1914 noch
1283 1884 1376 1914 mehr
1398 1893 1515 1922 ausge-

850 1926 951 1959 fallen
970 1929 1029 1964 sei,
1048 1929 1133 1960 l'zisst
1149 1928 1216 1959 sich
1236 1929 1324 1960 nicht
1342 1928 1451 1959 sicher
1463 1927 1520 1958 be-

852 1974 1015 2004 stimmen.
1034 1992 1078 1996 -—
1093 1976 1218 2016 possit,
1237 1974 1294 2005 das
1315 1974 1385 2004 hds.
1401 1975 1521 2016 posset

852 2019 980 2050 scheint
1002 2019 1065 2049 wie
1091 2019 1143 2060 28,
1160 2018 1213 2059 31,
1232 2019 1253 2049 4
1270 2018 1516 2050 verschrieben.

851 2066 1039 2107 —paratz's
1059 2062 1142 2095 fehlt
1164 2064 1195 2094 in
1220 2065 1280 2095 den
1301 2063 1394 2102 Hss.‚
1419 2073 1445 2095 s.
1465 2062 1518 2103 24,

850 2108 903 2150 40,
921 2110 956 2140 5:
977 2119 1051 2141 cum
1069 2110 1175 2141 classe
1191 2110 1362 2141 instructa
1378 2110 1518 2152 parata-

852 2165 930 2196 que3
956 2164 983 2186 5.
1002 2165 1044 2185 zu
1062 2154 1120 2194 30,
1146 2154 1183 2193 3,
1208 2155 1239 2185 4.
1258 2173 1302 2176 —
1319 2153 1437 2196 Lilyb„
1454 2163 1518 2184 von

850 2209 902 2229 wo
932 2200 984 2230 die
1018 2199 1178 2230 kiirzeste
1207 2198 1404 2231 L'eberfahrt
1438 2199 1518 2228 nach

851 2243 964 2275 Africa
990 2254 1069 2275 war.
1105 2244 1214 2286 Scipio
1238 2244 1307 2274 will
1331 2244 1398 2275 sich
1423 2243 1518 2274 dahin

851 2300 913 2320 von
933 2289 1079 2331 Syracus
1097 2299 1156 2320 aus
1175 2289 1342 2329 begeben3
1363 2289 1422 2319 der
1436 2288 1520 2319 Prii-

849 2339 904 2366 tor
922 2335 1049 2365 scheint
1066 2335 1096 2365 in
1117 2335 1220 2365 einem
1238 2335 1382 2365 anderen
1401 2333 1519 2364 Theile

851 2380 910 2410 der
928 2379 1014 2410 lnsel
1039 2389 1192 2419 gewesen
1212 2390 1253 2410 zu
1271 2379 1354 2418 sein,
1372 2389 1398 2409 s.
1418 2389 1445 2409 c.
1465 2377 1518 2418 26,

853 2425 888 2462 ῖς
909 2425 1023 2466 sp'ater
1042 2434 1106 2455 war
1124 2424 1317 2466 Lilybaeum
1338 2423 1443 2455 selbst
1460 2423 1519 2454 der

852 2469 922 2500 Sitz
947 2471 1004 2500 des
1029 2470 1122 2500 einen
1149 2470 1208 2500 der
1230 2468 1434 2510 Qu‘zistoren,
1465 2469 1517 2499 dic

851 2515 931 2545 nach
957 2515 1091 2545 Sicilien
1116 2515 1288 2554 geschickt
1310 2514 1455 2545 wurden.
1474 2531 1518 2536 —

851 2570 989 2591 cursum
1005 2559 1046 2597 αἶ,
1062 2560 1119 2590 das
1130 2558 1308 2591 Auslaufen
1324 2563 1516 2599 gestattete.

851 2604 960 2636 Ueber
995 2605 1052 2635 das
1085 2604 1209 2636 Fehlen
1248 2615 1312 2636 von
1347 2615 1385 2636 ea
1417 2613 1445 2634 s.
1463 2604 1517 2643 27,

852 2649 904 2687 42,
927 2649 976 2679 10.

898 2693 1029 2725 8—11.
1056 2704 1138 2736 quas
1163 2705 1198 2738 p.
1227 2695 1260 2733 l.,
1290 2704 1316 2725 s.
1346 2693 1367 2735 ξ
1393 2693 1443 2725 13.
1474 2713 1514 2717 ——
