1784 2967
140 390 178 421 16

136 1183 173 1216 21

697 221 822 255 LIBER
839 221 950 256 XXV.
985 221 1076 256 CAP.
1094 222 1125 254 6.
1463 239 1487 256 a.
1505 238 1530 256 ιι.
1547 232 1608 257 542.

214 225 288 264 120

207 326 411 366 tenderent.
436 326 474 364 in
503 325 655 373 castris,
682 329 740 365 est
764 331 955 372 mutatus,
988 337 1083 377 quae
1108 332 1237 365 tamen
1264 324 1382 364 semel
1401 328 1534 364 navata
1556 323 1610 363 rei

208 383 384 435 publicae
413 395 528 434 opera
558 387 595 421 et
614 395 694 422 uno
720 381 820 422 felici
841 382 987 434 proelio
1010 388 1304 434 recuperarunt:
1335 394 1452 421 nemo
1474 393 1610 421 eorum

207 440 395 491 relegatus
418 440 457 478 in
474 438 628 478 exilium
646 444 715 487 est,
736 439 877 478 nemini
895 452 984 490 spes
1002 439 1195 478 emerendi
1214 438 1404 490 stipendia
1422 438 1611 490 adempta,

207 497 331 536 hostis
354 495 517 547 denique
534 500 593 535 est
608 496 733 545 datus,
756 509 843 535 cnm
860 509 937 548 quo
955 496 1181 535 dimicantes
1199 502 1264 535 aut
1279 495 1392 534 vitam
1412 495 1531 533 semel
1547 500 1610 534 aut

207 553 460 604 ignominiam
483 552 655 592 finirent:
682 577 735 581 —
758 565 844 600 nOS,
866 553 1022 604 quibus,
1044 553 1119 591 nisi
1141 553 1242 604 quod
1267 551 1548 599 commisimus,
1572 556 1612 590 ut

207 610 410 662 quisquam
433 623 477 648 ex
494 609 685 649 Cannensi
707 610 785 649 acie
805 610 917 649 miles
935 610 1136 649 Romanus
1159 613 1394 661 superesset,
1416 608 1510 647 nihil
1527 607 1612 647 obi-

206 667 238 706 ci
260 672 402 718 potest,
424 678 505 705 non
527 667 654 706 solum
677 680 694 705 a
717 667 838 718 patria
860 667 995 718 procul
1009 667 1195 718 Italiaque
1218 666 1285 705 sed
1306 666 1352 705 ab
1369 666 1483 704 hoste
1499 665 1612 704 etiam

207 723 361 775 relegati
390 736 542 770 sumus,
571 723 635 762 ubi
667 735 915 763 senescamus
944 723 983 762 in
1004 723 1133 769 exilio,
1162 736 1211 762 ne
1232 736 1305 775 qua
1327 735 1440 773 speS,
1470 733 1518 760 ne
1540 734 1612 773 qua

207 781 359 820 occasio
381 780 589 820 abolendae
610 780 860 832 ignominiae,
889 792 938 819 ne
960 793 1033 832 qua
1055 780 1262 831 placandae
1286 779 1425 819 civium
1447 779 1542 824 irae,
1564 790 1613 817 ne

207 850 280 889 qua
303 837 466 889 denique
488 837 584 876 bene
605 837 796 876 moriendi
819 837 878 876 sit.
919 849 1043 888 neque
1064 837 1297 887 ignominiae
1314 837 1431 875 finem
1446 848 1519 875 nec
1534 835 1611 874 vir-

205 894 298 934 tutis
320 894 532 946 praemium
558 893 745 945 petimus:
773 894 891 932 modo
913 893 1075 945 experiri
1097 893 1267 933 animum
1289 899 1326 933 et
1345 893 1525 932 virtutem
1546 905 1613 931 ex-

206 963 333 990 ercere
354 951 473 990 liceat.
514 951 683 989 laborem
707 956 743 990 et
765 950 979 1002 periculum
1002 950 1185 1001 petimus,
1206 956 1249 990 ut
1269 950 1453 995 virorum,
1476 954 1518 988 ut
1538 949 1613 987 mi-

207 1008 315 1047 litum
339 1008 467 1047 officio
489 1007 708 1059 fungamur.
750 1007 891 1047 bellum
914 1007 952 1046 in
971 1008 1096 1047 Sicilia
1119 1007 1191 1046 iam
1211 1008 1371 1047 alterum
1389 1018 1535 1046 annum
1552 1005 1613 1044 in-

205 1064 309 1116 genti
330 1064 577 1104 dimicatione
599 1065 760 1115 geritur,
782 1065 896 1104 nrbes
919 1065 1010 1104 alias
1033 1065 1187 1104 Poenus
1210 1064 1301 1104 alias
1323 1064 1522 1103 Romanus
1545 1075 1611 1102 ex-

205 1127 369 1174 pugnat,
401 1122 575 1173 peditum
603 1122 773 1173 equitum
801 1122 899 1161 acies
928 1127 1182 1168 concurrunt,
1214 1122 1260 1160 ad
1282 1122 1491 1173 Syracusas
1512 1126 1614 1159 terra

206 1179 381 1230 marique
408 1179 552 1229 geritur
577 1191 658 1226 res,
689 1179 897 1218 clamorem
919 1180 1174 1230 pugnantium
1196 1178 1462 1230 crepitumque
1483 1189 1614 1216 armo-

205 1248 292 1276 rum
315 1235 555 1283 exaudimus,
578 1235 724 1274 resides
746 1235 820 1287 ipsi
841 1249 884 1275 ac
905 1248 1054 1287 segnes,
1078 1241 1275 1287 tamquam
1298 1247 1369 1274 nec
1388 1246 1526 1273 manus
1543 1245 1615 1273 nec

207 1305 311 1332 arma
333 1292 554 1332 habeamus.
596 1305 798 1332 servorum
814 1292 1032 1344 legionibus
1051 1293 1107 1331 Ti.
1126 1291 1382 1344 Sempronius
1399 1290 1536 1330 consul
1551 1296 1613 1329 to-

206 1394 352 1437 gradirt,
375 1405 401 1426 s.
423 1394 576 1426 Frontin.
595 1394 699 1426 Strat.
718 1394 748 1435 4,
771 1394 797 1437 1,
819 1394 875 1426 18:

205 1443 346 1473 senatus
365 1451 437 1480 θος,
463 1443 522 1483 qui
543 1451 564 1472 α
580 1440 714 1483 Pyrrho
730 1458 773 1463 ——-
787 1441 878 1483 capti

206 1489 239 1518 et
255 1487 392 1519 remissi
405 1489 512 1526 erant,
531 1487 658 1528 equites
674 1485 720 1518 ad
729 1485 875 1530 peditem

950 1394 1038 1426 nicht
1054 1394 1141 1426 viele
1159 1405 1190 1426 u,
1209 1403 1234 1425 s.
1254 1404 1306 1435 w.,
1329 1393 1438 1425 dieses
1454 1392 1536 1423 wird
1553 1402 1612 1424 uns

949 1450 1021 1472 zum
1040 1439 1253 1472 Verbrechen
1278 1439 1428 1480 gemacht
1458 1439 1614 1479 (commi-

948 1487 1055 1518 simus
1072 1486 1137 1525 ut).
1165 1503 1209 1508 -
1237 1495 1257 1517 α
1287 1486 1402 1528 patria
1432 1502 1477 1507 —-
1508 1484 1614 1524 hoste,

205 1532 354 1575 redegit,
376 1531 506 1575 pedites
529 1531 575 1563 ad
596 1531 699 1563 levem
720 1534 873 1563 armatu-

207 1588 296 1619 ram,
326 1578 406 1609 nach
432 1576 507 1610 val.
532 1576 622 1609 Max.
641 1577 679 1616 2,
699 1577 734 1615 7,
754 1578 791 1609 5:
816 1587 874 1621 pe-

207 1623 345 1655 dites—
357 1625 391 1654 z'n
395 1623 623 1664 funditorum
636 1623 768 1655 aua-ilia
777 1625 873 1655 tran-

206 1670 446 1708 scriberentur,
471 1668 538 1709 vgl.
554 1668 680 1710 Marqu.
701 1668 730 1710 3,
749 1668 779 1708 2,
798 1667 874 1700 315.

207 1715 373 1757 locusque,
391 1715 425 1745 z‘n
443 1725 471 1756 q.
492 1715 515 1746 t.
532 1714 555 1745 i.
573 1723 615 1752 6.,
635 1714 781 1754 dage-gen
799 1713 872 1746 Val.

207 1759 297 1792 Max.
326 1759 348 1791 l.
373 1759 394 1790 l.
424 1768 505 1791 neve
532 1761 606 1802 quis
635 1769 753 1791 eorum
783 1761 876 1791 intra

207 1808 323 1838 castra
346 1804 513 1845 tenderet,
542 1815 623 1836 neve
644 1805 751 1837 locum
777 1808 876 1837 extra

207 1851 426 1894 adsignatum
438 1850 522 1883 vallo
536 1853 597 1882 aut
602 1851 712 1892 fossa
725 1852 877 1892 cingeret

208 1901 284 1937 etc„
299 1895 411 1937 vg1.L.
430 1896 480 1935 10,
499 1896 530 1935 4,
545 1896 576 1937 4,
595 1896 675 1927 nach
689 1895 726 1928 L.
742 1896 876 1928 bekom-

207 1952 280 1974 men
305 1942 352 1973 sie
370 1942 464 1973 einen
483 1942 629 1973 anderen
649 1941 742 1973 Platz
766 1942 876 1973 inner-

208 1987 282 2018 halb
300 1988 359 2018 des
378 1987 521 2027 Lagers,
547 1987 587 2018 da
611 1987 660 2018 sie
679 1987 768 2019 nicht
784 1988 876 2018 mehr

208 2033 331 2074 triarii,
347 2034 528 2076 principes,
546 2033 677 2063 hastati
690 2032 779 2073 sind,
803 2032 874 2063 also

207 2078 297 2110 nicht
318 2078 370 2109 die
396 2078 508 2109 diesen
533 2077 764 2118 angewiesene
783 2077 871 2109 Stel-

207 2124 260 2155 len
276 2122 467 2155 einnehmen
486 2122 635 2162 konnen,
653 2123 718 2163 vgl.
739 2122 831 2154 Curt.
844 2123 872 2163 7,

211 2169 268 2209 10,
288 2167 346 2200 37:
372 2168 458 2200 hanc
491 2177 629 2200 seorsus
659 2168 828 2200 cohortem
854 2178 874 2199 ιι

207 2215 328 2247 ceteris
360 2213 496 2246 tendere
525 2214 736 2256 ignominiae
770 2223 874 2245 causa

207 2261 307 2292 iubet.
324 2278 369 2283 —
383 2258 560 2300 emerendi,
579 2259 649 2290 ihre
659 2258 873 2299 Dienstjahre

207 2306 345 2337 wurden
359 2305 454 2337 ihnen
468 2305 699 2346 angerechnet,
714 2305 762 2336 sie
770 2304 873 2335 konn—

209 2356 264 2384 ten
287 2351 338 2383 die
362 2350 563 2391 gesetzliche
582 2349 663 2381 Zahl
688 2351 747 2381 der
771 2349 873 2381 Feld-

209 2397 292 2437 ziige
309 2397 459 2434 macheu,
484 2396 549 2427 und
568 2405 679 2427 waren
699 2395 781 2426 dann
799 2405 873 2426 vom

208 2441 347 2473 Dienste
375 2440 450 2473 frei.
476 2459 520 2464 —
548 2441 653 2473 semel
683 2441 873 2481 ‘eleganter

212 2486 283 2518 fieri
301 2487 464 2529 dicuntur,
481 2497 564 2529 quae
586 2487 705 2518 iterum
723 2486 795 2518 fieri
814 2496 870 2517 ne-

210 2531 352 2574 queunt’.
379 2532 478 2564 Drak.

257 2576 398 2609 17—18.
428 2578 483 2609 Die
501 2577 590 2618 Lage
614 2578 672 2609 der
690 2577 872 2609 Cannensi-

210 2622 309 2654 schcn
326 2621 505 2662 Legionen.
525 2641 569 2646 ——-
587 2625 778 2666 quisquam:
795 2623 871 2654 dass

210 2667 412 2708 wenigstens
460 2668 612 2710 Jemand,
657 2678 752 2700 wenn
791 2669 871 2700 auch

948 1531 1140 1563 Gradation.
1165 1531 1310 1573 relegati
1331 1531 1375 1562 ist
1398 1540 1439 1561 zu
1462 1530 1614 1573 apairz'a

947 1577 988 1609 It.
1015 1577 1045 1608 in
1070 1577 1142 1608 dem
1166 1576 1266 1608 Sinne
1292 1587 1332 1607 zu
1356 1576 1494 1607 nehmen
1512 1575 1575 1606 wie
1593 1573 1614 1616 ξ

949 1622 1007 1661 163
1026 1633 1066 1653 zu
1083 1624 1125 1655 ab
1139 1623 1252 1655 hoste:
1266 1622 1398 1653 werden
1415 1619 1486 1652 fern
1501 1620 1614 1660 gebal-

950 1672 1022 1703 ten:
1048 1667 1108 1699 auf
1123 1668 1220 1709 jenes
1244 1667 1377 1699 bezieht
1400 1666 1467 1698 sich
1490 1666 1549 1697 ubi
1570 1684 1612 1688 —

948 1713 1070 1751 eoez'le'oe
1087 1713 1259 1745 audeeses
1272 1724 1314 1745 ne
1328 1722 1392 1755 qua
1405 1716 1468 1744 etc.
1483 1712 1615 1743 —bene

952 1769 1050 1798 mor„
1070 1769 1096 1790 s.
1112 1758 1165 1797 21,
1184 1758 1238 1799 42,
1257 1758 1286 1789 4.

996 1803 1138 1836 19-23.
1156 1803 1228 1836 lhre
1241 1804 1337 1835 Bitte.
1355 1804 1570 1845 ignominiae,
1586 1812 1612 1834 s.

948 1849 966 1891 ξ
988 1849 1046 1889 11;
1071 1850 1132 1890 29,
1149 1849 1203 1890 24,
1230 1849 1285 1880 11:
1320 1849 1445 1881 militia
1468 1850 1614 1890 ignomi-

946 1897 1057 1938 niosa,
1087 1896 1178 1927 diese
1201 1895 1340 1926 bestand
1365 1894 1525 1926 zuniichst
1547 1893 1614 1925 wol

950 1941 1059 1982 darin,
1089 1941 1166 1973 dass
1191 1941 1238 1972 sie
1262 1944 1361 1971 unter
1383 1940 1434 1971 die
1451 1938 1612 1971 Aerarier

949 1991 1100 2018 versetzt
1116 1995 1241 2027 waren,
1261 1995 1288 2017 s.
1303 1985 1357 2025 24,
1375 1984 1425 2026 18,
1439 1984 1476 2023 63
1495 1983 1548 2024 26,
1558 1983 1613 2025 28,

951 2031 1001 2072 11,
1020 2031 1086 2071 vgl.
1105 2030 1158 2069 27,
1180 2030 1237 2072 11,
1258 2031 1315 2071 15,
1343 2030 1456 2061 womit
1471 2030 1529 2061 das
1548 2028 1613 2062 Ue-

949 2076 1041 2117 brige
1065 2076 1219 2107 woriiber
1243 2076 1293 2107 sie
1315 2075 1436 2116 klagen
1460 2085 1522 2106 nur
1538 2084 1614 2106 ver-

947 2121 1075 2153 bunden
1090 2122 1144 2153 ist.
1158 2139 1203 2144 —
1219 2120 1364 2153 alterum
1378 2121 1429 2152 die
1447 2120 1613 2153 Gesandt-

947 2166 1052 2199 schaft
1070 2167 1192 2199 kommt
1216 2167 1297 2198 noch
1322 2167 1364 2198 im
1382 2166 1481 2198 Jahre
1499 2165 1564 2197 213
1582 2175 1611 2197 a.

947 2212 1022 2244 Chr.
1040 2223 1080 2244 zu
1089 2212 1280 2252 Marcellus,
1298 2213 1362 2244 und
1372 2222 1407 2243 es
1416 2212 1507 2244 ware
1521 2211 1612 2242 diese

947 2259 1026 2289 nach
1046 2256 1112 2290 L’s.
1137 2258 1353 2299 Darstellung
1376 2258 1434 2289 das
1463 2256 1611 2296 Einzige,

946 2313 1014 2335 was
1034 2303 1064 2335 in
1078 2303 1189 2345 jenem
1207 2304 1306 2335 Jahn-e
1331 2304 1362 2334 in
1382 2303 1515 2335 Sicilien
1531 2312 1611 2334 vor-

946 2348 1087 2389 gel'allen
1107 2349 1215 2388 w‘zire,
1234 2359 1261 2380 s.
1279 2348 1331 2390 24,
1350 2348 1403 2389 39,
1424 2348 1475 2380 13.
1498 2365 1542 2370 —
1558 2346 1609 2379 di-

944 2392 1302 2435 mz'eat.,mitheftigem
1313 2391 1611 2436 Hampfe.—-alias

945 2440 1048 2472 Poen.
1068 2445 1142 2481 etc.,
1169 2451 1204 2472 es
1229 2441 1302 2472 sind
1327 2441 1379 2471 die
1398 2439 1457 2480 24,
1476 2437 1611 2470 35—-39

945 2485 1189 2526 geschilderten
1203 2485 1435 2518 Verhiiltnisse
1453 2484 1609 2524 gemeint.

943 2549 987 2554 —
1001 2531 1154 2574 peditum
1171 2543 1231 2574 eq.,
1250 2542 1277 2563 s.
1296 2530 1354 2572 21,
1373 2530 1434 2571 28,
1453 2529 1482 2561 2.
1501 2532 1608 2574 crepi-

945 2579 1028 2617 tum,
1047 2587 1072 2608 s.
1094 2576 1146 2615 38,
1168 2577 1218 2620 17,
1236 2577 1271 2608 4:
1290 2575 1482 2609 horrendus
1496 2586 1612 2608 armo-

942 2632 1020 2655 rum
1037 2623 1196 2665 crepitus,
1216 2633 1252 2654 so
1270 2632 1368 2655 arma
1389 2631 1611 2666 concrepuere

944 2667 997 2709 24,
1016 2667 1070 2709 44,
1089 2667 1124 2708 83
1145 2667 1174 2710 6,
1193 2667 1246 2710 24,
1267 2668 1295 2700 1.
1312 2685 1357 2691 —-
1377 2676 1437 2699 nec
1451 2678 1496 2699 m.
1514 2678 1547 2698 n.
1565 2677 1609 2708 a.,

1644 841 1683 873 10

1645 1130 1683 1162 15
