1784 2967
52 877 93 910 10

50 1156 92 1189 15

46 1437 91 1471 20

552 264 678 297 LIBER
702 263 832 297 XXIX.
881 265 973 297 CAP.
1005 265 1052 297 16.
1083 265 1132 298 17.

125 283 150 301 a.
167 275 220 301 ch.
239 274 300 301 204.
1454 268 1534 308 275

125 367 349 408 consulibus
380 366 649 413 decreverunt,
677 369 721 405 ut
740 365 862 405 tribus
886 368 1139 417 pensionibus
1163 381 1204 407 ea
1225 368 1387 420 pecunia
1409 369 1534 408 solve-

123 429 242 469 retur,
265 424 431 475 primam
453 427 694 474 praesentem
718 421 753 469 ii,
775 422 939 473 quitum
960 429 1102 472 essent,
1124 425 1219 464 duas
1241 425 1343 464 tertii
1359 430 1396 464 et
1412 425 1534 477 quinti

125 480 305 520 consules
328 484 589 519 numerarent.

237 537 374 576 Omnis
411 536 546 575 deinde
584 534 673 574 alias
709 547 821 574 curas
859 547 931 575 una
968 537 1185 588 occupavit,
1215 543 1424 589 postquam
1452 539 1530 577 Lo-

125 593 318 632 crensium
341 593 480 639 clades,
504 604 600 642 quae
621 591 817 642 ignoratae
839 592 883 630 ad
907 605 989 631 eam
1014 594 1114 632 diem
1136 594 1300 642 fuerant,
1321 595 1532 646 legatorum

124 650 291 689 adventu
319 650 489 699 vulgatae
519 652 621 687 sunt.
662 660 734 687 nec
764 653 840 686 tam
864 648 1027 688 Plemini
1049 650 1176 689 scelus
1199 663 1311 702 quam
1336 651 1532 702 Scipionis

122 706 162 745 in
187 719 233 745 eo
256 710 321 744 aut
342 705 501 743 ambitio
519 709 584 744 aut
603 704 838 755 neclegentia
861 705 936 744 iras
955 706 1156 745 hominum
1179 707 1356 746 inritavit.
1398 708 1531 746 decem

121 763 234 813 legati
251 761 521 808 Locrensium,
546 761 658 799 obsiti
683 762 861 812 squalore
881 767 916 800 et
938 763 1133 809 sordibus,
1154 763 1193 802 in
1215 764 1373 802 comitio
1392 764 1531 802 seden—

115 819 224 866 tibus
253 817 477 857 consulibus
500 817 712 856 velamenta
735 818 990 869 supplicium,
1011 832 1142 858 ramos
1167 820 1290 865 oleae,
1312 825 1355 859 ut
1377 820 1531 859 Graecis

121 887 209 914 mos
232 879 310 920 est,
337 879 564 925 porgentes,
592 878 679 912 ante
698 874 865 913 tribunal
887 887 974 913 cnm
996 875 1111 914 flebili
1132 876 1404 915 vociferatione
1424 877 1533 915 humi

119 931 423 982 procubuerunt.
476 931 748 981 quaerentibus
783 931 1007 970 consulibus
1035 932 1250 971 Locrenses
1285 946 1325 971 se
1355 933 1533 972 dixerunt

120 1000 222 1034 esse,
244 1000 285 1026 ea
308 999 447 1038 passos
470 1000 488 1025 a
512 988 556 1033 Q.
580 986 767 1025 Pleminio
789 988 911 1038 legato
936 988 1198 1039 Romanisque
1219 989 1420 1035 militibus,
1437 1002 1534 1040 quae

119 1043 198 1095 pati
225 1056 274 1082 ne
295 1043 622 1093 Carthaginiensis
652 1043 806 1094 quidem
837 1044 924 1082 velit
951 1045 1120 1096 populus
1147 1046 1369 1084 Romanus:
1395 1058 1532 1096 rogare

119 1099 176 1139 uti
198 1100 272 1138 sibi
294 1105 423 1151 patres
446 1100 613 1139 adeundi
634 1100 938 1151 deplorandique
960 1113 1164 1140 aerumnas
1186 1114 1276 1140 suas
1298 1106 1532 1152 potestatem

120 1156 301 1195 facerent.

234 1212 379 1251 Senatu
400 1212 487 1251 dato
510 1212 700 1250 maximus
720 1217 812 1250 natu
834 1225 877 1251 ex
899 1212 963 1251 iis:
985 1213 1107 1260 „scio,
1129 1213 1261 1265 quanti
1278 1215 1529 1253 aestimentur

120 1273 279 1307 nostrae
307 1269 408 1320 apud
438 1281 509 1307 vos
541 1269 747 1319 querellae,
777 1274 904 1319 patres
933 1270 1162 1321 conscripti,
1191 1270 1402 1320 plurimum
1425 1270 1464 1308 in
1487 1283 1532 1308 eo

118 1325 310 1363 momenti
341 1337 446 1370 esse,
469 1325 502 1362 si
523 1325 644 1375 probe
666 1325 807 1370 sciatis.
831 1330 869 1363 et
890 1338 966 1376 quo
988 1327 1105 1364 modo
1130 1326 1272 1377 proditi
1293 1327 1405 1366 Locri
1427 1327 1532 1365 Han—

119 1380 236 1420 nibali
265 1381 362 1427 sint,
392 1385 429 1419 et
456 1393 532 1432 quo
565 1381 682 1419 modo
705 1381 820 1431 pulso
843 1381 1068 1421 Hannibalis
1091 1383 1285 1433 praesidio
1307 1383 1473 1422 restituti
1493 1384 1533 1422 in

121 1437 312 1476 dicionem
333 1442 520 1476 vestram:
543 1439 685 1488 quippe
707 1437 739 1475 si
762 1442 799 1476 et
820 1438 930 1490 culpa
948 1438 1172 1478 defectionis
1189 1440 1325 1490 procul
1340 1452 1359 1478 a
1377 1439 1532 1491 publico

119 1564 176 1592 nat
191 1560 253 1591 den
269 1560 413 1592 Consuln
432 1561 524 1592 hatte
542 1558 693 1592 hefehlen
709 1560 789 1591 111111-

119 1615 193 1646 nen,
211 1605 263 1637 die
279 1606 382 1637 Sachc
400 1616 461 1637 zur
475 1606 620 1647 Spraehe
639 1617 680 1637 zu
699 1606 788 1637 brin—

120 1660 197 1690 5611,
233 1661 258 1681 S.
278 1650 344 1682 Cic.
368 1651 455 1682 Sest.
484 1651 534 1687 11,
554 1650 606 1692 25,
625 1651 786 1682 sondern:

118 1695 168 1726 sie
185 1696 322 1726 wurden
341 1697 424 1726 dazu
437 1696 637 1727 veranlasst.
653 1714 689 1718 -—
711 1697 786 1727 trib.

116 1750 232 1782 pens.:
269 1741 299 1771 in
330 1741 399 1771 drei
429 1739 620 1780 Zahlungen
655 1750 694 1771 an
729 1741 789 1771 be-

119 1785 285 1816 stimm¹en
303 1783 494 1824 Terminen,
512 1785 542 1816 iu
563 1786 634 1816 drei
651 1784 787 1824 Posten,

117 1840 142 1861 s.
170 1828 222 1867 30,
248 1829 300 1870 37,
324 1830 361 1868 51
396 1829 450 1868 31,
477 1829 527 1868 13,
554 1829 592 1868 2;
627 1830 657 1870 6,
677 1829 730 1868 35,
749 1830 784 1860 4:

118 1876 262 1907 triennio
279 1876 395 1916 aequis
409 1875 623 1918 portionibus
640 1874 786 1906 solvere-

120 1922 194 1958 tur-3
231 1921 259 1958 7,
290 1920 343 1959 27,
374 1920 405 1951 3.
433 1938 477 1942 -
504 1922 690 1963 praesent„
724 1920 786 1950 den

118 1969 230 1996 ersten
250 1965 408 2005 sogleicb,
427 1965 468 1996 im
487 1964 660 1996 laufenden
675 1965 787 1996 dabre.

117 2028 161 2032 —
176 2020 369 2049 numeram,
403 2010 503 2041 durch
527 2011 579 2041 die
597 2009 786 2051 Quiistoren

115 2055 295 2086 auszahleu
315 2055 427 2086 lassen
454 2055 593 2094 solsten,
627 2065 655 2086 s.
673 2055 786 2095 Lange

139 2131 146 2140 Ι
165 2138 227 2185 16,
251 2139 400 2176 4-22.
425 2145 566 2177 Process
592 2145 650 2176 des
668 2144 788 2176 Plemi-

115 2189 207 2228 nius3
237 2190 374 2231 Appian.
394 2190 498 2222 Hanu.
517 2191 578 2229 553
617 2190 673 2221 Dio
693 2190 785 2221 Cass.

115 2231 210 2273 frgin.
231 2234 284 2274 57,
302 2235 363 2273 62,
382 2234 476 2266 Diod.
497 2235 561 2267 Sic.
582 2234 636 2273 27,
655 2235 692 2274 53
712 2235 786 2266 Val.

116 2277 204 2309 Max.
223 2278 254 2317 3,
273 2278 303 2318 6,
324 2279 361 2318 13
392 2279 558 2312 Plutarch.
578 2279 648 2311 Cat.
666 2290 707 2316 111.
726 2279 756 2311 3.

160 2323 260 2354 4—5.
283 2327 462 2365 postquam
481 2329 562 2365 etc.‚
581 2325 632 2355 die
652 2324 788 2356 Zeitan-

114 2368 198 2408 gabe
221 2368 362 2400 uml'asst
384 2370 534 2409 zugleich
565 2370 625 2400 den
652 2369 784 2409 Gegen-

114 2414 210 2444 stand
228 2414 288 2444 der
301 2414 417 2453 Serge.
435 2431 481 2437 —
493 2413 614 2451 clades,
632 2415 684 2445 die
701 2414 785 2446 Ver-

113 2457 291 2498 letzungen
306 2460 369 2489 und
382 2458 727 2499 Ungerechtigkeiten.
740 2477 786 2482 —-

112 2505 146 2534 in
165 2514 212 2541 eo,
231 2514 257 2542 s,
276 2503 329 2543 28,
348 2503 401 2542 43,
420 2504 450 2535 8.
476 2521 520 2526 —
543 2504 699 2543 ambicio,
732 2509 784 2535 ta-

113 2547 354 2588 delnswerlhe‚
389 2559 448 2580 aus
472 2548 579 2580 Gunst
605 2550 783 2589 hei-vorge-

114 2593 218 2624 hende
236 2593 430 2635 Nacbsicht,
457 2593 726 2634 Parteilichkeit,
757 2604 783 2626 s.

114 2647 142 2668 c.
168 2637 306 2678 36,11;
342 2638 510 2677 c.19‚2;
546 2637 783 2679 2S,40‚2.—

113 2682 297 2724 hominum,
315 2693 341 2715 s.
360 2683 414 2724 27,
433 2684 486 2725 34,
505 2684 535 2715 8.

907 1561 1007 1593 6—7.
1040 1561 1169 1604 decem,
1202 1572 1228 1594 S.
1249 1573 1276 1594 c.
1311 1563 1361 1602 15,
1387 1563 1417 1594 5.
1436 1565 1531 1594 —2'11

861 1609 982 1648 comit„
1007 1606 1060 1646 27,
1086 1608 1138 1648 50,
1156 1608 1194 1646 93
1228 1609 1305 1639 dass
1322 1609 1370 1639 sie
1388 1606 1447 1639 auf
1460 1609 1533 1640 dem

860 1652 1007 1683 tribunal
1024 1663 1065 1683 zu
1083 1653 1212 1684 denken
1238 1654 1326 1693 sind,
1361 1653 1451 1693 zeigt
1474 1654 1532 1685 das

860 1696 958 1737 Folg.
977 1715 1020 1719 —
1037 1698 1192 1741 supplic„
1216 1708 1242 1730 s.
1266 1698 1320 1739 24,
1344 1697 1397 1739 30,
1419 1699 1470 1730 14.
1488 1716 1533 1721 —

857 1744 1057 1785 porgentes,
1092 1743 1182 1774 diese
1207 1748 1301 1774 sonst
1318 1744 1410 1774 mehr
1425 1744 1533 1784 poeti-

861 1788 938 1817 sche
957 1786 1057 1818 Foru»
1074 1788 1177 1818 haben
1196 1789 1275 1819 auch
1296 1787 1349 1827 30,
1369 1787 1422 1827 21,
1443 1788 1460 1818 7
1479 1789 1531 1819 die

859 1831 975 1862 besteu
995 1831 1089 1869 Hss.;
1125 1832 1216 1863 Fest.
1241 1843 1271 1874 p.
1290 1832 1369 1863 218:
1404 1834 1535 1874 antiqui

859 1877 961 1907 etiam
977 1886 1122 1919 pergam
1146 1877 1311 1909 dlx-erunt
1331 1887 1394 1920 pro
1417 1879 1530 1921 porri-
1576 1891 1578 1893 ·

857 1931 955 1962 garn,
988 1921 1025 1953 L.
1044 1922 1172 1953 scheint
1195 1922 1341 1953 dieselbe
1358 1932 1418 1953 aus
1437 1923 1531 1954 einer

858 1966 987 1997 altere-n
1004 1965 1120 2007 Quelle
1136 1967 1343 1998 beibehalten
1358 1978 1399 1998 zu
1414 1967 1529 1999 haben.

858 2012 999 2043 —lzmnz’
1014 2013 1139 2054 procub
1155 2036 1162 2050 ,
1182 2012 1283 2052 Verg.
1303 2013 1332 2055 5,
1350 2012 1432 2043 481:
1450 2023 1531 2056 pro-

857 2058 983 2088 cumbit
999 2056 1112 2095 lmmz'3
1133 2057 1199 2088 Cic.
1215 2057 1272 2088 Or.
1292 2056 1323 2097 3,
1344 2056 1374 2097 6,
1394 2057 1451 2088 22;
1469 2058 1532 2089 lm-

857 2103 906 2133 mz'
920 2103 1035 2142 strati,
1054 2103 1121 2141 vgl.
1141 2103 1171 2141 5,
1186 2103 1238 2141 51,
1254 2102 1285 2133 9.
1299 2120 1341 2125 —-
1357 2106 1529 2145 quaerent.

860 2157 891 2178 n.
910 2148 1104 2187 quiessent.
1123 2165 1167 2169 -—
1183 2146 1346 2187 adcundi,
1377 2148 1424 2178 sie
1443 2148 1531 2178 iniis-

861 2202 918 2223 sen
937 2192 1036 2223 durch
1053 2193 1147 2223 einen
1166 2192 1343 2232 Magistrat
1362 2193 1426 2229 <die
1446 2192 1530 2223 Con-

860 2236 932 2268 suln
943 2237 1023 2268 oder
1033 2237 1093 2268 den
1104 2237 1328 2279 Stadtpriitor)
1341 2236 1529 2277 eingefiibrt

859 2282 1006 2313 werden.

906 2365 974 2403 17·
1005 2371 1101 2402 1—4.
1132 2370 1297 2412 Eiugang:
1332 2372 1402 2403 ihre
1420 2372 1527 2412 Ange-

858 2415 1027 2456 legenbeit
1050 2416 1099 2446 sei
1121 2418 1321 2456 ungeaebtet
1350 2418 1438 2448 ihres
1462 2418 1526 2449 Ab·

858 2459 932 2492 falls
956 2459 1009 2492 fiir
1030 2460 1112 2492 Rom
1136 2472 1199 2492 von
1227 2461 1454 2501 Wiehtigkeit.
1484 2482 1526 2485 —

858 2509 975 2547 quanti
992 2524 1036 2528 —
1053 2517 1142 2544 esse,
1166 2505 1220 2537 fiir
1237 2507 1287 2537 die
1307 2507 1527 2547 Bestiunnnng

857 2552 915 2582 des
935 2550 1094 2582 ἴνα-1111115
1115 2570 1157 2573 -—
1176 2551 1300 2583 koinnit
1323 2562 1358 2583 es
1377 2562 1425 2583 ain
1446 2553 1525 2584 inei-

857 2600 929 2626 sten
951 2594 1071 2626 darauf
1090 2606 1147 2635 an,
1181 2597 1257 2627 (lass
1281 2608 1312 2628 u.
1332 2607 1358 2628 s.
1378 2607 1419 2628 w.
1444 2616 1488 2620 —-
1504 2608 1525 2629 ιι

853 2640 955 2683 publ„
974 2641 1073 2671 durch
1089 2642 1162 2672 eine
1179 2642 1288 2672 Partei
1303 2643 1362 2673 der
1376 2641 1527 2674 Vorneh-

857 2695 941 2724 men,
960 2686 1049 2716 nicht
1066 2686 1126 2717 den
1146 2686 1248 2718 Senat
1266 2688 1346 2718 oder
1361 2687 1419 2719 das
1438 2687 1522 2719 Volk

1187 2742 1256 2774 18*

1560 941 1578 972 7

1558 1216 1611 1257 17
