<?xml version="1.0" encoding="UTF-8"?>
<!DOCTYPE html PUBLIC "-//W3C//DTD XHTML 1.0 Transitional//EN"
    "http://www.w3.org/TR/xhtml1/DTD/xhtml1-transitional.dtd">
<html xmlns="http://www.w3.org/1999/xhtml" xml:lang="en" lang="en">
 <head>
  <title>
</title>
<meta http-equiv="Content-Type" content="text/html;charset=utf-8" />
  <meta name='ocr-system' content='tesseract 3.04.00' />
  <meta name='ocr-capabilities' content='ocr_page ocr_carea ocr_par ocr_line ocrx_word'/>
</head>
<body>
  <div class='ocr_page' id='page_1' title='image "./aburbeconditalib0506livyuoft_0288.png"; bbox 0 0 1784 2967; ppageno 0'>
   <div class='ocr_carea' id='block_1_1' title="bbox 188 620 242 659">
    <p class='ocr_par' dir='ltr' id='par_1_1' title="bbox 188 620 242 659">
     <span class='ocr_line' id='line_1_1' title="bbox 188 620 242 659; baseline -0.019 0"><span class='ocrx_word' id='word_1_1' title='bbox 188 620 242 659; x_wconf 74' lang='lat'>29</span> 
     </span>
    </p>
   </div>
   <div class='ocr_carea' id='block_1_2' title="bbox 271 237 352 275">
    <p class='ocr_par' dir='ltr' id='par_1_2' title="bbox 271 237 352 275">
     <span class='ocr_line' id='line_1_2' title="bbox 271 237 352 275; baseline 0 0"><span class='ocrx_word' id='word_1_2' title='bbox 271 237 352 275; x_wconf 82' lang='lat'>270</span> 
     </span>
    </p>
   </div>
   <div class='ocr_carea' id='block_1_3' title="bbox 701 234 1245 268">
    <p class='ocr_par' dir='ltr' id='par_1_3' title="bbox 701 234 1245 268">
     <span class='ocr_line' id='line_1_3' title="bbox 701 234 1245 268; baseline 0.002 -2"><span class='ocrx_word' id='word_1_3' title='bbox 701 234 826 266; x_wconf 84' lang='lat' dir='ltr'>LIBER</span> <span class='ocrx_word' id='word_1_4' title='bbox 844 234 969 267; x_wconf 83' lang='lat' dir='ltr'>XXVI.</span> <span class='ocrx_word' id='word_1_5' title='bbox 1006 235 1099 268; x_wconf 81' lang='lat' dir='ltr'>CAP.</span> <span class='ocrx_word' id='word_1_6' title='bbox 1118 235 1171 267; x_wconf 78' lang='lat' dir='ltr'>2S.</span> <span class='ocrx_word' id='word_1_7' title='bbox 1191 235 1245 267; x_wconf 83' lang='lat'>29.</span> 
     </span>
    </p>
   </div>
   <div class='ocr_carea' id='block_1_4' title="bbox 1531 248 1678 274">
    <p class='ocr_par' dir='ltr' id='par_1_4' title="bbox 1531 248 1678 274">
     <span class='ocr_line' id='line_1_4' title="bbox 1531 248 1678 274; baseline 0.02 -3"><span class='ocrx_word' id='word_1_8' title='bbox 1531 254 1557 271; x_wconf 84' lang='lat' dir='ltr'>a.</span> <span class='ocrx_word' id='word_1_9' title='bbox 1573 254 1600 272; x_wconf 88' lang='lat' dir='ltr'>u.</span> <span class='ocrx_word' id='word_1_10' title='bbox 1616 248 1678 274; x_wconf 81' lang='lat'>544.</span> 
     </span>
    </p>
   </div>
   <div class='ocr_carea' id='block_1_5' title="bbox 270 336 1679 391">
    <p class='ocr_par' dir='ltr' id='par_1_5' title="bbox 270 336 1679 391">
     <span class='ocr_line' id='line_1_5' title="bbox 270 336 1679 391; baseline 0.001 -15"><span class='ocrx_word' id='word_1_11' title='bbox 270 338 310 376; x_wconf 92' lang='lat' dir='ltr'>in</span> <span class='ocrx_word' id='word_1_12' title='bbox 333 337 549 376; x_wconf 77' lang='lat' dir='ltr'>Sardiniam</span> <span class='ocrx_word' id='word_1_13' title='bbox 566 336 608 375; x_wconf 87' lang='lat' dir='ltr'>P.</span> <span class='ocrx_word' id='word_1_14' title='bbox 626 336 766 375; x_wconf 88' lang='lat' dir='ltr'>Manlio</span> <span class='ocrx_word' id='word_1_15' title='bbox 784 337 942 376; x_wconf 85' lang='lat' dir='ltr'>Vulsoni</span> <span class='ocrx_word' id='word_1_16' title='bbox 964 338 1133 390; x_wconf 81' lang='lat' dir='ltr'>praetori</span> <span class='ocrx_word' id='word_1_17' title='bbox 1155 338 1340 386; x_wconf 79' lang='lat' dir='ltr'>decretae,</span> <span class='ocrx_word' id='word_1_18' title='bbox 1365 339 1502 391; x_wconf 87' lang='lat' dir='ltr'>quibus</span> <span class='ocrx_word' id='word_1_19' title='bbox 1524 339 1564 378; x_wconf 90' lang='lat' dir='ltr'>L.</span> <span class='ocrx_word' id='word_1_20' title='bbox 1584 339 1679 378; x_wconf 87' lang='lat' dir='ltr'>Cor-</span> 
     </span>
    </p>
   </div>
   <div class='ocr_carea' id='block_1_6' title="bbox 201 393 1679 445">
    <p class='ocr_par' dir='ltr' id='par_1_6' title="bbox 201 393 1679 445">
     <span class='ocr_line' id='line_1_6' title="bbox 201 393 1679 445; baseline 0.001 -12"><span class='ocrx_word' id='word_1_21' title='bbox 201 401 240 433; x_wconf 86' lang='lat'>13</span> <span class='ocrx_word' id='word_1_22' title='bbox 270 394 393 432; x_wconf 82' lang='lat' dir='ltr'>nelius</span> <span class='ocrx_word' id='word_1_23' title='bbox 422 394 461 432; x_wconf 89' lang='lat' dir='ltr'>in</span> <span class='ocrx_word' id='word_1_24' title='bbox 490 393 625 431; x_wconf 88' lang='lat' dir='ltr'>eadem</span> <span class='ocrx_word' id='word_1_25' title='bbox 653 394 849 444; x_wconf 89' lang='lat' dir='ltr'>provincia</span> <span class='ocrx_word' id='word_1_26' title='bbox 870 395 999 445; x_wconf 89' lang='lat' dir='ltr'>priore</span> <span class='ocrx_word' id='word_1_27' title='bbox 1019 406 1122 433; x_wconf 90' lang='lat' dir='ltr'>anno</span> <span class='ocrx_word' id='word_1_28' title='bbox 1155 395 1385 445; x_wconf 80' lang='lat' dir='ltr'>praefuerat.</span> <span class='ocrx_word' id='word_1_29' title='bbox 1426 396 1595 435; x_wconf 87' lang='lat' dir='ltr'>urbanas</span> <span class='ocrx_word' id='word_1_30' title='bbox 1623 396 1679 435; x_wconf 90' lang='lat' dir='ltr'>le-</span> 
     </span>
    </p>
   </div>
   <div class='ocr_carea' id='block_1_7' title="bbox 217 449 1677 1292">
    <p class='ocr_par' dir='ltr' id='par_1_7' title="bbox 269 449 1677 614">
     <span class='ocr_line' id='line_1_7' title="bbox 270 449 1676 502; baseline 0.003 -15"><span class='ocrx_word' id='word_1_31' title='bbox 270 450 405 501; x_wconf 83' lang='lat' dir='ltr'>giones</span> <span class='ocrx_word' id='word_1_32' title='bbox 433 450 482 488; x_wconf 85' lang='lat' dir='ltr'>ita</span> <span class='ocrx_word' id='word_1_33' title='bbox 511 449 681 488; x_wconf 88' lang='lat' dir='ltr'>scribere</span> <span class='ocrx_word' id='word_1_34' title='bbox 717 451 895 489; x_wconf 83' lang='lat' dir='ltr'>consules</span> <span class='ocrx_word' id='word_1_35' title='bbox 931 451 1044 497; x_wconf 81' lang='lat' dir='ltr'>iussi,</span> <span class='ocrx_word' id='word_1_36' title='bbox 1079 463 1127 489; x_wconf 91' lang='lat' dir='ltr'>ne</span> <span class='ocrx_word' id='word_1_37' title='bbox 1161 464 1275 502; x_wconf 88' lang='lat' dir='ltr'>quem</span> <span class='ocrx_word' id='word_1_38' title='bbox 1303 452 1464 490; x_wconf 86' lang='lat' dir='ltr'>militem</span> <span class='ocrx_word' id='word_1_39' title='bbox 1495 453 1676 499; x_wconf 86' lang='lat' dir='ltr'>facerent,</span> 
     </span>
     <span class='ocr_line' id='line_1_8' title="bbox 270 506 1677 560; baseline 0.003 -16"><span class='ocrx_word' id='word_1_40' title='bbox 270 507 334 557; x_wconf 91' lang='lat' dir='ltr'>qui</span> <span class='ocrx_word' id='word_1_41' title='bbox 356 506 394 544; x_wconf 89' lang='lat' dir='ltr'>in</span> <span class='ocrx_word' id='word_1_42' title='bbox 417 506 585 545; x_wconf 83' lang='lat' dir='ltr'>exercitu</span> <span class='ocrx_word' id='word_1_43' title='bbox 606 507 655 545; x_wconf 84' lang='lat' dir='ltr'>M.</span> <span class='ocrx_word' id='word_1_44' title='bbox 678 506 812 546; x_wconf 87' lang='lat' dir='ltr'>Valerii</span> <span class='ocrx_word' id='word_1_45' title='bbox 836 508 880 554; x_wconf 85' lang='lat' dir='ltr'>Q.</span> <span class='ocrx_word' id='word_1_46' title='bbox 903 508 1012 546; x_wconf 89' lang='lat' dir='ltr'>Fulvi</span> <span class='ocrx_word' id='word_1_47' title='bbox 1032 508 1214 555; x_wconf 85' lang='lat' dir='ltr'>fuissent,</span> <span class='ocrx_word' id='word_1_48' title='bbox 1238 520 1332 547; x_wconf 89' lang='lat' dir='ltr'>neve</span> <span class='ocrx_word' id='word_1_49' title='bbox 1352 522 1397 548; x_wconf 93' lang='lat' dir='ltr'>eo</span> <span class='ocrx_word' id='word_1_50' title='bbox 1421 520 1523 547; x_wconf 91' lang='lat' dir='ltr'>anno</span> <span class='ocrx_word' id='word_1_51' title='bbox 1545 509 1677 560; x_wconf 84' lang='lat' dir='ltr'>plures</span> 
     </span>
     <span class='ocr_line' id='line_1_9' title="bbox 269 564 1177 614; baseline 0.001 -13"><span class='ocrx_word' id='word_1_52' title='bbox 269 575 383 614; x_wconf 85' lang='lat' dir='ltr'>quam</span> <span class='ocrx_word' id='word_1_53' title='bbox 404 574 481 602; x_wconf 89' lang='lat' dir='ltr'>una</span> <span class='ocrx_word' id='word_1_54' title='bbox 502 568 538 601; x_wconf 85' lang='lat' dir='ltr'>et</span> <span class='ocrx_word' id='word_1_55' title='bbox 559 575 607 601; x_wconf 82' lang='lat' dir='ltr'>xx</span> <span class='ocrx_word' id='word_1_56' title='bbox 629 564 826 602; x_wconf 86' lang='lat' dir='ltr'>Romanae</span> <span class='ocrx_word' id='word_1_57' title='bbox 846 564 1014 614; x_wconf 80' lang='lat' dir='ltr'>legiones</span> <span class='ocrx_word' id='word_1_58' title='bbox 1037 569 1177 603; x_wconf 83' lang='lat' dir='ltr'>essent.</span> 
     </span>
    </p>

    <p class='ocr_par' dir='ltr' id='par_1_8' title="bbox 217 619 1677 1292">
     <span class='ocr_line' id='line_1_10' title="bbox 381 619 1676 672; baseline 0.003 -15"><span class='ocrx_word' id='word_1_59' title='bbox 381 619 449 658; x_wconf 93' lang='lat' dir='ltr'>His</span> <span class='ocrx_word' id='word_1_60' title='bbox 472 624 629 658; x_wconf 83' lang='lat' dir='ltr'>senatus</span> <span class='ocrx_word' id='word_1_61' title='bbox 652 620 841 658; x_wconf 86' lang='lat' dir='ltr'>consultis</span> <span class='ocrx_word' id='word_1_62' title='bbox 863 621 1042 670; x_wconf 81' lang='lat' dir='ltr'>perfectis</span> <span class='ocrx_word' id='word_1_63' title='bbox 1075 621 1202 659; x_wconf 86' lang='lat' dir='ltr'>sortiti</span> <span class='ocrx_word' id='word_1_64' title='bbox 1229 620 1451 672; x_wconf 87' lang='lat' dir='ltr'>provincias</span> <span class='ocrx_word' id='word_1_65' title='bbox 1482 622 1676 661; x_wconf 85' lang='lat' dir='ltr'>consules.</span> 
     </span>
     <span class='ocr_line' id='line_1_11' title="bbox 269 675 1677 723; baseline 0.002 -9"><span class='ocrx_word' id='word_1_66' title='bbox 269 675 395 714; x_wconf 81' lang='lat' dir='ltr'>Sicilia</span> <span class='ocrx_word' id='word_1_67' title='bbox 417 681 453 714; x_wconf 85' lang='lat' dir='ltr'>et</span> <span class='ocrx_word' id='word_1_68' title='bbox 475 676 607 715; x_wconf 87' lang='lat' dir='ltr'>classis</span> <span class='ocrx_word' id='word_1_69' title='bbox 629 676 823 723; x_wconf 84' lang='lat' dir='ltr'>Marcello,</span> <span class='ocrx_word' id='word_1_70' title='bbox 852 677 953 715; x_wconf 89' lang='lat' dir='ltr'>Italia</span> <span class='ocrx_word' id='word_1_71' title='bbox 984 690 1071 715; x_wconf 84' lang='lat' dir='ltr'>oum</span> <span class='ocrx_word' id='word_1_72' title='bbox 1099 677 1197 716; x_wconf 88' lang='lat' dir='ltr'>bello</span> <span class='ocrx_word' id='word_1_73' title='bbox 1221 678 1403 716; x_wconf 82' lang='lat' dir='ltr'>adversus</span> <span class='ocrx_word' id='word_1_74' title='bbox 1425 678 1677 717; x_wconf 87' lang='lat' dir='ltr'>Hannibalem</span> 
     </span>
     <span class='ocr_line' id='line_1_12' title="bbox 218 732 1677 785; baseline 0.002 -15"><span class='ocrx_word' id='word_1_75' title='bbox 218 738 237 769; x_wconf 88' lang='lat'><strong>2</strong></span> <span class='ocrx_word' id='word_1_76' title='bbox 267 732 434 771; x_wconf 85' lang='lat' dir='ltr'>Laevino</span> <span class='ocrx_word' id='word_1_77' title='bbox 460 733 593 771; x_wconf 84' lang='lat' dir='ltr'>evenit.</span> <span class='ocrx_word' id='word_1_78' title='bbox 631 745 727 783; x_wconf 82' lang='lat' dir='ltr'>quae</span> <span class='ocrx_word' id='word_1_79' title='bbox 750 745 851 778; x_wconf 84' lang='lat' dir='ltr'>sors,</span> <span class='ocrx_word' id='word_1_80' title='bbox 875 733 975 772; x_wconf 79' lang='lat' dir='ltr'>velut</span> <span class='ocrx_word' id='word_1_81' title='bbox 993 733 1131 772; x_wconf 83' lang='lat' dir='ltr'>iterum</span> <span class='ocrx_word' id='word_1_82' title='bbox 1158 734 1277 784; x_wconf 78' lang='lat' dir='ltr'>captis</span> <span class='ocrx_word' id='word_1_83' title='bbox 1304 734 1517 785; x_wconf 56' lang='lat' dir='ltr'>Syracusis,</span> <span class='ocrx_word' id='word_1_84' title='bbox 1538 735 1587 773; x_wconf 86' lang='lat' dir='ltr'>ita</span> <span class='ocrx_word' id='word_1_85' title='bbox 1611 748 1677 773; x_wconf 82' lang='lat' dir='ltr'>ex-</span> 
     </span>
     <span class='ocr_line' id='line_1_13' title="bbox 267 789 1675 842; baseline 0.001 -15"><span class='ocrx_word' id='word_1_86' title='bbox 267 789 447 827; x_wconf 85' lang='lat' dir='ltr'>animavit</span> <span class='ocrx_word' id='word_1_87' title='bbox 465 789 614 827; x_wconf 87' lang='lat' dir='ltr'>Siculos</span> <span class='ocrx_word' id='word_1_88' title='bbox 632 789 897 839; x_wconf 80' lang='lat' dir='ltr'>expectatione</span> <span class='ocrx_word' id='word_1_89' title='bbox 920 790 1036 828; x_wconf 79' lang='lat' dir='ltr'>sortis</span> <span class='ocrx_word' id='word_1_90' title='bbox 1059 790 1097 828; x_wconf 90' lang='lat' dir='ltr'>in</span> <span class='ocrx_word' id='word_1_91' title='bbox 1116 791 1322 829; x_wconf 85' lang='lat' dir='ltr'>consulum</span> <span class='ocrx_word' id='word_1_92' title='bbox 1339 796 1551 842; x_wconf 87' lang='lat' dir='ltr'>conspectu</span> <span class='ocrx_word' id='word_1_93' title='bbox 1568 796 1675 829; x_wconf 87' lang='lat' dir='ltr'>stan-</span> 
     </span>
     <span class='ocr_line' id='line_1_14' title="bbox 266 845 1674 898; baseline 0.002 -15"><span class='ocrx_word' id='word_1_94' title='bbox 266 845 328 891; x_wconf 81' lang='lat' dir='ltr'>tis,</span> <span class='ocrx_word' id='word_1_95' title='bbox 352 851 394 883; x_wconf 81' lang='lat' dir='ltr'>ut</span> <span class='ocrx_word' id='word_1_96' title='bbox 415 845 668 895; x_wconf 77' lang='lat' dir='ltr'>comploratio</span> <span class='ocrx_word' id='word_1_97' title='bbox 701 858 835 884; x_wconf 89' lang='lat' dir='ltr'>eorum</span> <span class='ocrx_word' id='word_1_98' title='bbox 863 846 1087 897; x_wconf 86' lang='lat' dir='ltr'>flebilesque</span> <span class='ocrx_word' id='word_1_99' title='bbox 1114 859 1226 885; x_wconf 87' lang='lat' dir='ltr'>voces</span> <span class='ocrx_word' id='word_1_100' title='bbox 1254 852 1291 885; x_wconf 83' lang='lat' dir='ltr'>et</span> <span class='ocrx_word' id='word_1_101' title='bbox 1318 847 1510 898; x_wconf 83' lang='lat' dir='ltr'>extemplo</span> <span class='ocrx_word' id='word_1_102' title='bbox 1540 847 1674 886; x_wconf 87' lang='lat' dir='ltr'>oculos</span> 
     </span>
     <span class='ocr_line' id='line_1_15' title="bbox 218 901 1675 953; baseline 0.002 -14"><span class='ocrx_word' id='word_1_103' title='bbox 218 909 237 939; x_wconf 88' lang='lat'>3</span> <span class='ocrx_word' id='word_1_104' title='bbox 268 901 473 939; x_wconf 89' lang='lat' dir='ltr'>hominum</span> <span class='ocrx_word' id='word_1_105' title='bbox 497 901 767 947; x_wconf 76' lang='lat' dir='ltr'>converterint,</span> <span class='ocrx_word' id='word_1_106' title='bbox 791 907 827 940; x_wconf 85' lang='lat' dir='ltr'>et</span> <span class='ocrx_word' id='word_1_107' title='bbox 848 903 1059 952; x_wconf 76' lang='lat' dir='ltr'>postmodo</span> <span class='ocrx_word' id='word_1_108' title='bbox 1083 915 1283 942; x_wconf 80' lang='lat' dir='ltr'>sermones</span> <span class='ocrx_word' id='word_1_109' title='bbox 1306 904 1562 953; x_wconf 83' lang='lat' dir='ltr'>praebuerint.</span> <span class='ocrx_word' id='word_1_110' title='bbox 1599 904 1675 942; x_wconf 89' lang='lat' dir='ltr'>cir-</span> 
     </span>
     <span class='ocr_line' id='line_1_16' title="bbox 267 958 1674 999; baseline 0.003 -4"><span class='ocrx_word' id='word_1_111' title='bbox 267 958 465 996; x_wconf 82' lang='lat' dir='ltr'>cumibant</span> <span class='ocrx_word' id='word_1_112' title='bbox 486 958 586 996; x_wconf 90' lang='lat' dir='ltr'>enim</span> <span class='ocrx_word' id='word_1_113' title='bbox 615 964 838 997; x_wconf 83' lang='lat' dir='ltr'>senatorum</span> <span class='ocrx_word' id='word_1_114' title='bbox 863 960 992 997; x_wconf 78' lang='lat' dir='ltr'>domos</span> <span class='ocrx_word' id='word_1_115' title='bbox 1014 971 1100 997; x_wconf 89' lang='lat' dir='ltr'>cum</span> <span class='ocrx_word' id='word_1_116' title='bbox 1124 964 1229 998; x_wconf 82' lang='lat' dir='ltr'>veste</span> <span class='ocrx_word' id='word_1_117' title='bbox 1251 960 1406 998; x_wconf 87' lang='lat' dir='ltr'>sordida</span> <span class='ocrx_word' id='word_1_118' title='bbox 1427 961 1674 999; x_wconf 77' lang='lat' dir='ltr'>adfirmantes</span> 
     </span>
     <span class='ocr_line' id='line_1_17' title="bbox 265 1014 1673 1066; baseline 0.002 -14"><span class='ocrx_word' id='word_1_119' title='bbox 265 1027 306 1053; x_wconf 91' lang='lat' dir='ltr'>se</span> <span class='ocrx_word' id='word_1_120' title='bbox 323 1026 403 1053; x_wconf 92' lang='lat' dir='ltr'>non</span> <span class='ocrx_word' id='word_1_121' title='bbox 421 1014 538 1052; x_wconf 89' lang='lat' dir='ltr'>modo</span> <span class='ocrx_word' id='word_1_122' title='bbox 557 1027 666 1053; x_wconf 86' lang='lat' dir='ltr'>suam</span> <span class='ocrx_word' id='word_1_123' title='bbox 681 1027 856 1066; x_wconf 86' lang='lat' dir='ltr'>quosque</span> <span class='ocrx_word' id='word_1_124' title='bbox 872 1016 1033 1066; x_wconf 78' lang='lat' dir='ltr'>patriam</span> <span class='ocrx_word' id='word_1_125' title='bbox 1053 1016 1118 1054; x_wconf 90' lang='lat' dir='ltr'>sed</span> <span class='ocrx_word' id='word_1_126' title='bbox 1136 1020 1256 1054; x_wconf 81' lang='lat' dir='ltr'>totam</span> <span class='ocrx_word' id='word_1_127' title='bbox 1271 1015 1439 1054; x_wconf 87' lang='lat' dir='ltr'>Siciliam</span> <span class='ocrx_word' id='word_1_128' title='bbox 1456 1016 1673 1063; x_wconf 83' lang='lat' dir='ltr'>relicturos,</span> 
     </span>
     <span class='ocr_line' id='line_1_18' title="bbox 217 1071 1672 1122; baseline 0.002 -14"><span class='ocrx_word' id='word_1_129' title='bbox 217 1076 237 1107; x_wconf 80' lang='lat'>4</span> <span class='ocrx_word' id='word_1_130' title='bbox 267 1071 298 1109; x_wconf 89' lang='lat' dir='ltr'>si</span> <span class='ocrx_word' id='word_1_131' title='bbox 320 1084 365 1110; x_wconf 91' lang='lat' dir='ltr'>eo</span> <span class='ocrx_word' id='word_1_132' title='bbox 388 1071 588 1109; x_wconf 81' lang='lat' dir='ltr'>Marcellus</span> <span class='ocrx_word' id='word_1_133' title='bbox 620 1071 758 1110; x_wconf 80' lang='lat' dir='ltr'>iterum</span> <span class='ocrx_word' id='word_1_134' title='bbox 789 1084 874 1110; x_wconf 87' lang='lat' dir='ltr'>cum</span> <span class='ocrx_word' id='word_1_135' title='bbox 905 1072 1067 1122; x_wconf 84' lang='lat' dir='ltr'>imperio</span> <span class='ocrx_word' id='word_1_136' title='bbox 1090 1072 1266 1110; x_wconf 81' lang='lat' dir='ltr'>redisset.</span> <span class='ocrx_word' id='word_1_137' title='bbox 1307 1072 1412 1110; x_wconf 86' lang='lat' dir='ltr'>nullo</span> <span class='ocrx_word' id='word_1_138' title='bbox 1441 1085 1511 1111; x_wconf 88' lang='lat' dir='ltr'>suo</span> <span class='ocrx_word' id='word_1_139' title='bbox 1534 1073 1672 1112; x_wconf 84' lang='lat' dir='ltr'>merito</span> 
     </span>
     <span class='ocr_line' id='line_1_19' title="bbox 264 1127 1674 1179; baseline 0.001 -13"><span class='ocrx_word' id='word_1_140' title='bbox 264 1140 353 1166; x_wconf 83' lang='lat' dir='ltr'>eum</span> <span class='ocrx_word' id='word_1_141' title='bbox 371 1134 457 1166; x_wconf 82' lang='lat' dir='ltr'>ante</span> <span class='ocrx_word' id='word_1_142' title='bbox 480 1127 742 1178; x_wconf 80' lang='lat' dir='ltr'>inplacabilem</span> <span class='ocrx_word' id='word_1_143' title='bbox 766 1128 803 1166; x_wconf 88' lang='lat' dir='ltr'>in</span> <span class='ocrx_word' id='word_1_144' title='bbox 823 1141 863 1166; x_wconf 85' lang='lat' dir='ltr'>se</span> <span class='ocrx_word' id='word_1_145' title='bbox 884 1128 1022 1167; x_wconf 87' lang='lat' dir='ltr'>fuisse:</span> <span class='ocrx_word' id='word_1_146' title='bbox 1046 1128 1135 1179; x_wconf 80' lang='lat' dir='ltr'>quid</span> <span class='ocrx_word' id='word_1_147' title='bbox 1153 1128 1303 1175; x_wconf 81' lang='lat' dir='ltr'>iratum,</span> <span class='ocrx_word' id='word_1_148' title='bbox 1326 1129 1428 1179; x_wconf 87' lang='lat' dir='ltr'>quod</span> <span class='ocrx_word' id='word_1_149' title='bbox 1446 1129 1611 1167; x_wconf 87' lang='lat' dir='ltr'>Romam</span> <span class='ocrx_word' id='word_1_150' title='bbox 1629 1129 1674 1168; x_wconf 90' lang='lat' dir='ltr'>de</span> 
     </span>
     <span class='ocr_line' id='line_1_20' title="bbox 265 1183 1673 1236; baseline 0.001 -14"><span class='ocrx_word' id='word_1_151' title='bbox 265 1197 306 1222; x_wconf 91' lang='lat' dir='ltr'>se</span> <span class='ocrx_word' id='word_1_152' title='bbox 325 1189 504 1235; x_wconf 79' lang='lat' dir='ltr'>questum</span> <span class='ocrx_word' id='word_1_153' title='bbox 523 1184 676 1222; x_wconf 65' lang='lat' dir='ltr'>venisse</span> <span class='ocrx_word' id='word_1_154' title='bbox 695 1185 845 1223; x_wconf 84' lang='lat' dir='ltr'>Siculos</span> <span class='ocrx_word' id='word_1_155' title='bbox 864 1185 970 1230; x_wconf 79' lang='lat' dir='ltr'>sciat,</span> <span class='ocrx_word' id='word_1_156' title='bbox 992 1183 1203 1224; x_wconf 76' lang='lat' dir='ltr'>facturum!</span> <span class='ocrx_word' id='word_1_157' title='bbox 1228 1185 1338 1224; x_wconf 84' lang='lat' dir='ltr'>obrui</span> <span class='ocrx_word' id='word_1_158' title='bbox 1356 1186 1498 1224; x_wconf 79' lang='lat' dir='ltr'>Aetnae</span> <span class='ocrx_word' id='word_1_159' title='bbox 1519 1186 1673 1236; x_wconf 83' lang='lat' dir='ltr'>ignibus</span> 
     </span>
     <span class='ocr_line' id='line_1_21' title="bbox 264 1240 1674 1292; baseline 0.001 -13"><span class='ocrx_word' id='word_1_160' title='bbox 264 1246 328 1279; x_wconf 84' lang='lat' dir='ltr'>aut</span> <span class='ocrx_word' id='word_1_161' title='bbox 354 1240 478 1291; x_wconf 83' lang='lat' dir='ltr'>mergi</span> <span class='ocrx_word' id='word_1_162' title='bbox 505 1240 605 1279; x_wconf 74' lang='lat' dir='ltr'>freto</span> <span class='ocrx_word' id='word_1_163' title='bbox 635 1241 754 1279; x_wconf 75' lang='lat' dir='ltr'>satius</span> <span class='ocrx_word' id='word_1_164' title='bbox 792 1241 841 1279; x_wconf 89' lang='lat' dir='ltr'>illi</span> <span class='ocrx_word' id='word_1_165' title='bbox 870 1241 1017 1280; x_wconf 87' lang='lat' dir='ltr'>insulae</span> <span class='ocrx_word' id='word_1_166' title='bbox 1054 1254 1138 1280; x_wconf 88' lang='lat' dir='ltr'>esse</span> <span class='ocrx_word' id='word_1_167' title='bbox 1168 1254 1280 1292; x_wconf 89' lang='lat' dir='ltr'>quam</span> <span class='ocrx_word' id='word_1_168' title='bbox 1311 1242 1410 1280; x_wconf 83' lang='lat' dir='ltr'>velut</span> <span class='ocrx_word' id='word_1_169' title='bbox 1438 1242 1523 1280; x_wconf 91' lang='lat' dir='ltr'>dedi</span> <span class='ocrx_word' id='word_1_170' title='bbox 1550 1254 1674 1281; x_wconf 83' lang='lat' dir='ltr'>noxae</span> 
     </span>
    </p>
   </div>
   <div class='ocr_carea' id='block_1_8' title="bbox 258 1351 935 2016">
    <p class='ocr_par' dir='ltr' id='par_1_9' title="bbox 258 1351 935 2016">
     <span class='ocr_line' id='line_1_22' title="bbox 264 1351 928 1393; baseline 0.002 -10"><span class='ocrx_word' id='word_1_171' title='bbox 264 1352 422 1384; x_wconf 83' lang='lat' dir='ltr'>Soldaten</span> <span class='ocrx_word' id='word_1_172' title='bbox 449 1351 612 1393; x_wconf 73' lang='lat' dir='ltr'>ungefahr</span> <span class='ocrx_word' id='word_1_173' title='bbox 635 1352 837 1393; x_wconf 82' lang='lat' dir='ltr'>anzugehen,</span> <span class='ocrx_word' id='word_1_174' title='bbox 862 1353 928 1393; x_wconf 87' lang='lat' dir='ltr'>vgl.</span> 
     </span>
     <span class='ocr_line' id='line_1_23' title="bbox 262 1397 931 1438; baseline 0.003 -10"><span class='ocrx_word' id='word_1_175' title='bbox 262 1398 322 1438; x_wconf 80' lang='grc'>29,</span> <span class='ocrx_word' id='word_1_176' title='bbox 342 1397 401 1436; x_wconf 80' lang='grc'>24,</span> <span class='ocrx_word' id='word_1_177' title='bbox 431 1397 487 1436; x_wconf 83' lang='grc'>13;</span> <span class='ocrx_word' id='word_1_178' title='bbox 520 1397 579 1436; x_wconf 76' lang='grc'>35,</span> <span class='ocrx_word' id='word_1_179' title='bbox 604 1398 664 1435; x_wconf 73' lang='lat'>49,</span> <span class='ocrx_word' id='word_1_180' title='bbox 694 1400 749 1429; x_wconf 84' lang='lat'>10:</span> <span class='ocrx_word' id='word_1_181' title='bbox 784 1398 931 1430; x_wconf 74' lang='lat' dir='ltr'>duarum</span> 
     </span>
     <span class='ocr_line' id='line_1_24' title="bbox 261 1443 932 1486; baseline 0.001 -12"><span class='ocrx_word' id='word_1_182' title='bbox 261 1443 349 1474; x_wconf 77' lang='lat' dir='ltr'>mule</span> <span class='ocrx_word' id='word_1_183' title='bbox 372 1443 553 1486; x_wconf 78' lang='lat' dir='ltr'>plenarum</span> <span class='ocrx_word' id='word_1_184' title='bbox 581 1443 849 1485; x_wconf 74' lang='lat' dir='ltr'>legiuncularum</span> <span class='ocrx_word' id='word_1_185' title='bbox 882 1446 932 1475; x_wconf 80' lang='lat'><strong><em>2¹71-</em></strong></span> 
     </span>
     <span class='ocr_line' id='line_1_25' title="bbox 262 1487 930 1528; baseline 0.001 -9"><span class='ocrx_word' id='word_1_186' title='bbox 262 1491 346 1520; x_wconf 77' lang='lat' dir='ltr'>star.</span> <span class='ocrx_word' id='word_1_187' title='bbox 366 1506 410 1510; x_wconf 79' lang='lat'>——</span> <span class='ocrx_word' id='word_1_188' title='bbox 427 1487 465 1519; x_wconf 84' lang='lat' dir='ltr'>L.</span> <span class='ocrx_word' id='word_1_189' title='bbox 484 1487 594 1528; x_wconf 60' lang='lat' dir='ltr'>Corn„</span> <span class='ocrx_word' id='word_1_190' title='bbox 614 1499 641 1519; x_wconf 89' lang='lat' dir='ltr'>c.</span> <span class='ocrx_word' id='word_1_191' title='bbox 665 1488 692 1527; x_wconf 89' lang='lat'>1,</span> <span class='ocrx_word' id='word_1_192' title='bbox 715 1488 764 1519; x_wconf 83' lang='lat'>11.</span> <span class='ocrx_word' id='word_1_193' title='bbox 789 1507 833 1511; x_wconf 93' lang='lat'>—-</span> <span class='ocrx_word' id='word_1_194' title='bbox 855 1491 930 1520; x_wconf 73' lang='lat' dir='ltr'>urb.</span> 
     </span>
     <span class='ocr_line' id='line_1_26' title="bbox 262 1531 932 1575; baseline 0.001 -11"><span class='ocrx_word' id='word_1_195' title='bbox 262 1534 338 1575; x_wconf 57' lang='lat' dir='ltr'>leg„</span> <span class='ocrx_word' id='word_1_196' title='bbox 363 1531 415 1572; x_wconf 86' lang='lat'>23,</span> <span class='ocrx_word' id='word_1_197' title='bbox 439 1533 488 1572; x_wconf 73' lang='lat'>14,</span> <span class='ocrx_word' id='word_1_198' title='bbox 508 1534 538 1564; x_wconf 87' lang='lat'>2.</span> <span class='ocrx_word' id='word_1_199' title='bbox 566 1551 611 1555; x_wconf 92' lang='lat'>—</span> <span class='ocrx_word' id='word_1_200' title='bbox 638 1537 700 1565; x_wconf 72' lang='lat' dir='ltr'>aut</span> <span class='ocrx_word' id='word_1_201' title='bbox 720 1534 932 1575; x_wconf 77' lang='lat' dir='ltr'>—sm‘ssent</span> 
     </span>
     <span class='ocr_line' id='line_1_27' title="bbox 264 1577 930 1620; baseline 0.002 -11"><span class='ocrx_word' id='word_1_202' title='bbox 264 1590 294 1609; x_wconf 91' lang='lat' dir='ltr'>n.</span> <span class='ocrx_word' id='word_1_203' title='bbox 321 1588 446 1619; x_wconf 78' lang='lat' dir='ltr'>eorum,</span> <span class='ocrx_word' id='word_1_204' title='bbox 478 1577 646 1609; x_wconf 87' lang='lat' dir='ltr'>einfacher</span> <span class='ocrx_word' id='word_1_205' title='bbox 668 1579 759 1609; x_wconf 70' lang='lat' dir='ltr'>wilre</span> <span class='ocrx_word' id='word_1_206' title='bbox 783 1580 930 1620; x_wconf 76' lang='lat' dir='ltr'>suisset,</span> 
     </span>
     <span class='ocr_line' id='line_1_28' title="bbox 263 1623 935 1655; baseline 0.001 -1"><span class='ocrx_word' id='word_1_207' title='bbox 263 1624 326 1654; x_wconf 80' lang='lat' dir='ltr'>wie</span> <span class='ocrx_word' id='word_1_208' title='bbox 357 1623 497 1654; x_wconf 78' lang='lat' dir='ltr'>Crevier</span> <span class='ocrx_word' id='word_1_209' title='bbox 525 1624 724 1655; x_wconf 76' lang='lat' dir='ltr'>vermuthet.</span> <span class='ocrx_word' id='word_1_210' title='bbox 758 1642 799 1646; x_wconf 78' lang='lat'>—</span> <span class='ocrx_word' id='word_1_211' title='bbox 817 1635 885 1655; x_wconf 67' lang='lat' dir='ltr'>lma</span> <span class='ocrx_word' id='word_1_212' title='bbox 902 1627 935 1655; x_wconf 81' lang='lat' dir='ltr'>et</span> 
     </span>
     <span class='ocr_line' id='line_1_29' title="bbox 260 1668 931 1707; baseline 0.003 -8"><span class='ocrx_word' id='word_1_213' title='bbox 260 1679 303 1707; x_wconf 62' lang='lat' dir='ltr'>zu,</span> <span class='ocrx_word' id='word_1_214' title='bbox 338 1669 379 1699; x_wconf 87' lang='lat' dir='ltr'>im</span> <span class='ocrx_word' id='word_1_215' title='bbox 412 1669 491 1699; x_wconf 79' lang='lat' dir='ltr'>Jahr</span> <span class='ocrx_word' id='word_1_216' title='bbox 524 1670 646 1699; x_wconf 70' lang='lat' dir='ltr'>vorher</span> <span class='ocrx_word' id='word_1_217' title='bbox 671 1679 782 1699; x_wconf 80' lang='lat' dir='ltr'>waren</span> <span class='ocrx_word' id='word_1_218' title='bbox 810 1679 845 1700; x_wconf 89' lang='lat' dir='ltr'>es</span> <span class='ocrx_word' id='word_1_219' title='bbox 877 1668 931 1702; x_wconf 84' lang='lat'>23.</span> 
     </span>
     <span class='ocr_line' id='line_1_30' title="bbox 261 1713 932 1754; baseline 0 -9"><span class='ocrx_word' id='word_1_220' title='bbox 261 1713 446 1754; x_wconf 79' lang='lat' dir='ltr'>Uebrigens</span> <span class='ocrx_word' id='word_1_221' title='bbox 466 1715 520 1744; x_wconf 81' lang='lat' dir='ltr'>hat</span> <span class='ocrx_word' id='word_1_222' title='bbox 536 1713 572 1745; x_wconf 92' lang='lat' dir='ltr'>L.</span> <span class='ocrx_word' id='word_1_223' title='bbox 589 1714 630 1744; x_wconf 91' lang='lat' dir='ltr'>im</span> <span class='ocrx_word' id='word_1_224' title='bbox 647 1713 850 1754; x_wconf 84' lang='lat' dir='ltr'>Vorhergeh.</span> <span class='ocrx_word' id='word_1_225' title='bbox 869 1725 932 1745; x_wconf 91' lang='lat' dir='ltr'>nur</span> 
     </span>
     <span class='ocr_line' id='line_1_31' title="bbox 264 1758 931 1799; baseline 0.001 -10"><span class='ocrx_word' id='word_1_226' title='bbox 264 1759 302 1789; x_wconf 80' lang='lat'>17</span> <span class='ocrx_word' id='word_1_227' title='bbox 338 1758 505 1798; x_wconf 82' lang='lat' dir='ltr'>Legionen</span> <span class='ocrx_word' id='word_1_228' title='bbox 540 1760 708 1799; x_wconf 71' lang='lat' dir='ltr'>erwiihnt,</span> <span class='ocrx_word' id='word_1_229' title='bbox 745 1759 776 1789; x_wconf 88' lang='lat' dir='ltr'>in</span> <span class='ocrx_word' id='word_1_230' title='bbox 820 1760 931 1790; x_wconf 85' lang='lat' dir='ltr'>seiner</span> 
     </span>
     <span class='ocr_line' id='line_1_32' title="bbox 262 1803 928 1846; baseline 0.002 -12"><span class='ocrx_word' id='word_1_231' title='bbox 262 1803 380 1844; x_wconf 83' lang='lat' dir='ltr'>Quelle</span> <span class='ocrx_word' id='word_1_232' title='bbox 411 1803 539 1835; x_wconf 82' lang='lat' dir='ltr'>scheint</span> <span class='ocrx_word' id='word_1_233' title='bbox 566 1804 637 1835; x_wconf 86' lang='lat' dir='ltr'>also</span> <span class='ocrx_word' id='word_1_234' title='bbox 669 1805 726 1835; x_wconf 83' lang='grc'>(103</span> <span class='ocrx_word' id='word_1_235' title='bbox 756 1805 928 1846; x_wconf 67' lang='grc'>3000138118</span> 
     </span>
     <span class='ocr_line' id='line_1_33' title="bbox 263 1849 929 1890; baseline 0.002 -11"><span class='ocrx_word' id='word_1_236' title='bbox 263 1849 352 1880; x_wconf 88' lang='lat' dir='ltr'>Heer</span> <span class='ocrx_word' id='word_1_237' title='bbox 368 1850 610 1889; x_wconf 78' lang='lat' dir='ltr'>mitgerechnet</span> <span class='ocrx_word' id='word_1_238' title='bbox 629 1849 690 1880; x_wconf 89' lang='lat' dir='ltr'>und</span> <span class='ocrx_word' id='word_1_239' title='bbox 711 1860 751 1880; x_wconf 88' lang='lat' dir='ltr'>zu</span> <span class='ocrx_word' id='word_1_240' title='bbox 771 1850 789 1880; x_wconf 77' lang='lat'>4</span> <span class='ocrx_word' id='word_1_241' title='bbox 810 1849 929 1890; x_wconf 83' lang='lat' dir='ltr'>Legio-</span> 
     </span>
     <span class='ocr_line' id='line_1_34' title="bbox 262 1894 927 1934; baseline 0.002 -10"><span class='ocrx_word' id='word_1_242' title='bbox 262 1904 323 1925; x_wconf 85' lang='grc'>080</span> <span class='ocrx_word' id='word_1_243' title='bbox 343 1904 591 1934; x_wconf 80' lang='lat' dir='ltr'>angenoinmen,</span> <span class='ocrx_word' id='word_1_244' title='bbox 611 1895 691 1925; x_wconf 89' lang='lat' dir='ltr'>oder</span> <span class='ocrx_word' id='word_1_245' title='bbox 706 1905 745 1925; x_wconf 94' lang='lat' dir='ltr'>zu</span> <span class='ocrx_word' id='word_1_246' title='bbox 761 1894 778 1925; x_wconf 88' lang='grc'><strong>3</strong></span> <span class='ocrx_word' id='word_1_247' title='bbox 794 1895 857 1925; x_wconf 88' lang='lat' dir='ltr'>und</span> <span class='ocrx_word' id='word_1_248' title='bbox 877 1895 927 1925; x_wconf 90' lang='lat' dir='ltr'>die</span> 
     </span>
     <span class='ocr_line' id='line_1_35' title="bbox 261 1938 928 1980; baseline 0 -10"><span class='ocrx_word' id='word_1_249' title='bbox 261 1939 385 1979; x_wconf 78' lang='lat' dir='ltr'>Legion</span> <span class='ocrx_word' id='word_1_250' title='bbox 413 1940 444 1970; x_wconf 91' lang='lat' dir='ltr'>in</span> <span class='ocrx_word' id='word_1_251' title='bbox 463 1938 707 1970; x_wconf 87' lang='lat' dir='ltr'>Griechenland</span> <span class='ocrx_word' id='word_1_252' title='bbox 733 1939 928 1980; x_wconf 67' lang='lat' dir='ltr'>mitgeziihlt</span> 
     </span>
     <span class='ocr_line' id='line_1_36' title="bbox 258 1994 399 2016; baseline -0.007 -1"><span class='ocrx_word' id='word_1_253' title='bbox 258 1995 300 2015; x_wconf 90' lang='lat' dir='ltr'>zu</span> <span class='ocrx_word' id='word_1_254' title='bbox 318 1994 399 2016; x_wconf 86' lang='lat' dir='ltr'>sem.</span> 
     </span>
    </p>
   </div>
   <div class='ocr_carea' id='block_1_9' title="bbox 259 2044 928 2182">
    <p class='ocr_par' dir='ltr' id='par_1_10' title="bbox 259 2044 928 2182">
     <span class='ocr_line' id='line_1_37' title="bbox 305 2044 928 2092; baseline 0 -9"><span class='ocrx_word' id='word_1_255' title='bbox 305 2044 489 2083; x_wconf 70' lang='lat'>29—32.</span> <span class='ocrx_word' id='word_1_256' title='bbox 530 2050 809 2092; x_wconf 81' lang='lat' dir='ltr'>Verhandlungen</span> <span class='ocrx_word' id='word_1_257' title='bbox 846 2052 928 2083; x_wconf 85' lang='lat' dir='ltr'>iiber</span> 
     </span>
     <span class='ocr_line' id='line_1_38' title="bbox 261 2096 925 2135; baseline 0 -7"><span class='ocrx_word' id='word_1_258' title='bbox 261 2097 312 2128; x_wconf 82' lang='lat' dir='ltr'>die</span> <span class='ocrx_word' id='word_1_259' title='bbox 331 2096 485 2134; x_wconf 82' lang='lat' dir='ltr'>Sikuler3</span> <span class='ocrx_word' id='word_1_260' title='bbox 521 2096 608 2129; x_wconf 80' lang='lat' dir='ltr'>Plut.</span> <span class='ocrx_word' id='word_1_261' title='bbox 627 2096 728 2128; x_wconf 85' lang='lat' dir='ltr'>Marc.</span> <span class='ocrx_word' id='word_1_262' title='bbox 748 2097 806 2135; x_wconf 80' lang='lat'>233</span> <span class='ocrx_word' id='word_1_263' title='bbox 842 2097 925 2128; x_wconf 89' lang='lat' dir='ltr'>Zon.</span> 
     </span>
     <span class='ocr_line' id='line_1_39' title="bbox 259 2140 701 2182; baseline -0.002 -9"><span class='ocrx_word' id='word_1_264' title='bbox 259 2142 291 2181; x_wconf 78' lang='lat'>9,</span> <span class='ocrx_word' id='word_1_265' title='bbox 310 2141 348 2180; x_wconf 81' lang='lat'>63</span> <span class='ocrx_word' id='word_1_266' title='bbox 367 2140 442 2173; x_wconf 86' lang='lat' dir='ltr'>Val.</span> <span class='ocrx_word' id='word_1_267' title='bbox 463 2141 551 2173; x_wconf 81' lang='lat' dir='ltr'>Max.</span> <span class='ocrx_word' id='word_1_268' title='bbox 571 2141 600 2182; x_wconf 70' lang='lat'>4,</span> <span class='ocrx_word' id='word_1_269' title='bbox 623 2141 650 2181; x_wconf 86' lang='lat'>1,</span> <span class='ocrx_word' id='word_1_270' title='bbox 670 2142 701 2172; x_wconf 83' lang='lat'>7.</span> 
     </span>
    </p>
   </div>
   <div class='ocr_carea' id='block_1_10' title="bbox 257 2200 925 2651">
    <p class='ocr_par' dir='ltr' id='par_1_11' title="bbox 257 2200 925 2651">
     <span class='ocr_line' id='line_1_40' title="bbox 304 2200 925 2248; baseline 0.002 -11"><span class='ocrx_word' id='word_1_271' title='bbox 304 2200 374 2238; x_wconf 72' lang='grc'>29.</span> <span class='ocrx_word' id='word_1_272' title='bbox 403 2206 499 2237; x_wconf 81' lang='grc'>1-2.</span> <span class='ocrx_word' id='word_1_273' title='bbox 525 2209 665 2238; x_wconf 75' lang='lat' dir='ltr'>senatus</span> <span class='ocrx_word' id='word_1_274' title='bbox 689 2218 726 2248; x_wconf 87' lang='lat' dir='ltr'>c.,</span> <span class='ocrx_word' id='word_1_275' title='bbox 752 2207 833 2238; x_wconf 86' lang='lat' dir='ltr'>iiber</span> <span class='ocrx_word' id='word_1_276' title='bbox 846 2206 925 2247; x_wconf 83' lang='lat' dir='ltr'>jede</span> 
     </span>
     <span class='ocr_line' id='line_1_41' title="bbox 259 2251 925 2283; baseline -0.002 0"><span class='ocrx_word' id='word_1_277' title='bbox 259 2252 409 2283; x_wconf 86' lang='lat' dir='ltr'>einzelne</span> <span class='ocrx_word' id='word_1_278' title='bbox 429 2251 571 2283; x_wconf 87' lang='lat' dir='ltr'>Provinz</span> <span class='ocrx_word' id='word_1_279' title='bbox 590 2252 718 2283; x_wconf 86' lang='lat' dir='ltr'>scheint</span> <span class='ocrx_word' id='word_1_280' title='bbox 734 2253 784 2283; x_wconf 90' lang='lat' dir='ltr'>ein</span> <span class='ocrx_word' id='word_1_281' title='bbox 804 2252 925 2283; x_wconf 89' lang='lat' dir='ltr'>beson-</span> 
     </span>
     <span class='ocr_line' id='line_1_42' title="bbox 258 2295 923 2337; baseline -0.002 -8"><span class='ocrx_word' id='word_1_282' title='bbox 258 2298 356 2329; x_wconf 88' lang='lat' dir='ltr'>deres</span> <span class='ocrx_word' id='word_1_283' title='bbox 376 2297 631 2328; x_wconf 78' lang='lat' dir='ltr'>Senatseonsult</span> <span class='ocrx_word' id='word_1_284' title='bbox 647 2295 818 2337; x_wconf 76' lang='lat' dir='ltr'>abgefasst</span> <span class='ocrx_word' id='word_1_285' title='bbox 836 2308 923 2328; x_wconf 81' lang='lat' dir='ltr'>wor-</span> 
     </span>
     <span class='ocr_line' id='line_1_43' title="bbox 258 2341 922 2384; baseline 0 -11"><span class='ocrx_word' id='word_1_286' title='bbox 258 2343 318 2373; x_wconf 81' lang='lat' dir='ltr'>den</span> <span class='ocrx_word' id='word_1_287' title='bbox 339 2353 379 2373; x_wconf 89' lang='lat' dir='ltr'>zu</span> <span class='ocrx_word' id='word_1_288' title='bbox 399 2343 479 2373; x_wconf 87' lang='lat' dir='ltr'>sein.</span> <span class='ocrx_word' id='word_1_289' title='bbox 504 2360 548 2364; x_wconf 91' lang='lat'>—</span> <span class='ocrx_word' id='word_1_290' title='bbox 571 2344 695 2380; x_wconf 70' lang='lat' dir='ltr'>sortiti,</span> <span class='ocrx_word' id='word_1_291' title='bbox 721 2353 747 2373; x_wconf 91' lang='lat' dir='ltr'>s.</span> <span class='ocrx_word' id='word_1_292' title='bbox 767 2341 819 2382; x_wconf 85' lang='lat'>30,</span> <span class='ocrx_word' id='word_1_293' title='bbox 841 2342 867 2384; x_wconf 89' lang='lat'>1,</span> <span class='ocrx_word' id='word_1_294' title='bbox 886 2342 922 2373; x_wconf 81' lang='lat'>8:</span> 
     </span>
     <span class='ocr_line' id='line_1_44' title="bbox 257 2386 921 2430; baseline -0.002 -12"><span class='ocrx_word' id='word_1_295' title='bbox 257 2389 373 2419; x_wconf 73' lang='lat' dir='ltr'>sortiti</span> <span class='ocrx_word' id='word_1_296' title='bbox 395 2387 512 2419; x_wconf 77' lang='lat' dir='ltr'>deinde</span> <span class='ocrx_word' id='word_1_297' title='bbox 534 2389 725 2430; x_wconf 74' lang='lat' dir='ltr'>provincias</span> <span class='ocrx_word' id='word_1_298' title='bbox 735 2398 746 2424; x_wconf 86' lang='lat'>,·</span> <span class='ocrx_word' id='word_1_299' title='bbox 765 2387 815 2428; x_wconf 86' lang='grc'>32,</span> <span class='ocrx_word' id='word_1_300' title='bbox 835 2386 865 2425; x_wconf 82' lang='lat' dir='ltr'>S,</span> <span class='ocrx_word' id='word_1_301' title='bbox 884 2387 921 2425; x_wconf 72' lang='lat'>43</span> 
     </span>
     <span class='ocr_line' id='line_1_45' title="bbox 257 2432 922 2472; baseline 0.002 -10"><span class='ocrx_word' id='word_1_302' title='bbox 257 2432 432 2472; x_wconf 84' lang='lat' dir='ltr'>‹lajedoch</span> <span class='ocrx_word' id='word_1_303' title='bbox 452 2433 502 2463; x_wconf 91' lang='lat' dir='ltr'>die</span> <span class='ocrx_word' id='word_1_304' title='bbox 528 2433 647 2463; x_wconf 86' lang='lat' dir='ltr'>Hdsch.</span> <span class='ocrx_word' id='word_1_305' title='bbox 671 2434 793 2464; x_wconf 73' lang='lat' dir='ltr'>sortiri</span> <span class='ocrx_word' id='word_1_306' title='bbox 809 2432 922 2471; x_wconf 81' lang='lat' dir='ltr'>haben,</span> 
     </span>
     <span class='ocr_line' id='line_1_46' title="bbox 259 2476 922 2518; baseline 0.002 -11"><span class='ocrx_word' id='word_1_307' title='bbox 259 2488 295 2507; x_wconf 82' lang='lat' dir='ltr'>so</span> <span class='ocrx_word' id='word_1_308' title='bbox 315 2478 400 2508; x_wconf 85' lang='lat' dir='ltr'>kann</span> <span class='ocrx_word' id='word_1_309' title='bbox 421 2478 502 2508; x_wconf 86' lang='lat' dir='ltr'>auch</span> <span class='ocrx_word' id='word_1_310' title='bbox 517 2476 820 2518; x_wconf 71' lang='lat' dir='ltr'>iussiausgefallen</span> <span class='ocrx_word' id='word_1_311' title='bbox 840 2478 922 2515; x_wconf 85' lang='lat' dir='ltr'>sein,</span> 
     </span>
     <span class='ocr_line' id='line_1_47' title="bbox 259 2522 925 2562; baseline 0.002 -9"><span class='ocrx_word' id='word_1_312' title='bbox 259 2533 282 2553; x_wconf 85' lang='grc'>3.</span> <span class='ocrx_word' id='word_1_313' title='bbox 303 2533 329 2553; x_wconf 92' lang='lat' dir='ltr'>c.</span> <span class='ocrx_word' id='word_1_314' title='bbox 350 2522 411 2561; x_wconf 72' lang='lat'>223</span> <span class='ocrx_word' id='word_1_315' title='bbox 431 2522 484 2560; x_wconf 84' lang='lat'>37,</span> <span class='ocrx_word' id='word_1_316' title='bbox 507 2523 534 2562; x_wconf 87' lang='lat'>1,</span> <span class='ocrx_word' id='word_1_317' title='bbox 555 2523 589 2553; x_wconf 78' lang='lat'>7:</span> <span class='ocrx_word' id='word_1_318' title='bbox 616 2533 691 2554; x_wconf 73' lang='lat' dir='ltr'>omn</span> <span class='ocrx_word' id='word_1_319' title='bbox 708 2525 847 2554; x_wconf 74' lang='lat' dir='ltr'>senatus</span> <span class='ocrx_word' id='word_1_320' title='bbox 864 2525 925 2554; x_wconf 74' lang='lat' dir='ltr'>aut</span> 
     </span>
     <span class='ocr_line' id='line_1_48' title="bbox 260 2568 924 2611; baseline 0.003 -14"><span class='ocrx_word' id='word_1_321' title='bbox 260 2568 381 2599; x_wconf 76' lang='lat' dir='ltr'>sortiri</span> <span class='ocrx_word' id='word_1_322' title='bbox 396 2570 457 2599; x_wconf 74' lang='lat' dir='ltr'>aut</span> <span class='ocrx_word' id='word_1_323' title='bbox 473 2578 671 2611; x_wconf 80' lang='lat' dir='ltr'>comparare</span> <span class='ocrx_word' id='word_1_324' title='bbox 688 2569 775 2599; x_wconf 75' lang='lat' dir='ltr'>inter</span> <span class='ocrx_word' id='word_1_325' title='bbox 791 2578 828 2598; x_wconf 80' lang='lat' dir='ltr'>se</span> <span class='ocrx_word' id='word_1_326' title='bbox 842 2578 924 2610; x_wconf 83' lang='lat' dir='ltr'>pro-</span> 
     </span>
     <span class='ocr_line' id='line_1_49' title="bbox 257 2612 922 2651; baseline 0.003 -10"><span class='ocrx_word' id='word_1_327' title='bbox 257 2613 384 2643; x_wconf 73' lang='lat' dir='ltr'>vincias</span> <span class='ocrx_word' id='word_1_328' title='bbox 401 2614 561 2644; x_wconf 73' lang='lat' dir='ltr'>iussisset</span> <span class='ocrx_word' id='word_1_329' title='bbox 578 2624 607 2644; x_wconf 88' lang='lat' dir='ltr'>u.</span> <span class='ocrx_word' id='word_1_330' title='bbox 627 2623 674 2651; x_wconf 82' lang='grc'>0.;</span> <span class='ocrx_word' id='word_1_331' title='bbox 695 2623 756 2643; x_wconf 86' lang='lat' dir='ltr'>zur</span> <span class='ocrx_word' id='word_1_332' title='bbox 772 2612 876 2644; x_wconf 81' lang='grc'>80808</span> <span class='ocrx_word' id='word_1_333' title='bbox 896 2623 922 2644; x_wconf 94' lang='grc'>3.</span> 
     </span>
    </p>
   </div>
   <div class='ocr_carea' id='block_1_11' title="bbox 259 2656 925 2699">
    <p class='ocr_par' dir='ltr' id='par_1_12' title="bbox 259 2656 925 2699">
     <span class='ocr_line' id='line_1_50' title="bbox 259 2656 925 2699; baseline 0.003 -13"><span class='ocrx_word' id='word_1_334' title='bbox 259 2656 385 2687; x_wconf 83' lang='lat' dir='ltr'>Becker</span> <span class='ocrx_word' id='word_1_335' title='bbox 402 2657 432 2696; x_wconf 86' lang='lat'>2,</span> <span class='ocrx_word' id='word_1_336' title='bbox 451 2657 481 2697; x_wconf 80' lang='grc'>2,</span> <span class='ocrx_word' id='word_1_337' title='bbox 503 2657 585 2697; x_wconf 81' lang='lat'>1203</span> <span class='ocrx_word' id='word_1_338' title='bbox 604 2658 637 2699; x_wconf 87' lang='lat'>2,</span> <span class='ocrx_word' id='word_1_339' title='bbox 657 2657 773 2698; x_wconf 83' lang='grc'>3,167.</span> <span class='ocrx_word' id='word_1_340' title='bbox 791 2675 836 2681; x_wconf 86' lang='lat'>—</span> <span class='ocrx_word' id='word_1_341' title='bbox 849 2668 925 2689; x_wconf 83' lang='lat' dir='ltr'>cum</span> 
     </span>
    </p>
   </div>
   <div class='ocr_carea' id='block_1_12' title="bbox 996 1352 1673 2699">
    <p class='ocr_par' dir='ltr' id='par_1_13' title="bbox 1000 1352 1673 1622">
     <span class='ocr_line' id='line_1_51' title="bbox 1003 1352 1673 1395; baseline 0.001 -11"><span class='ocrx_word' id='word_1_342' title='bbox 1003 1352 1084 1385; x_wconf 83' lang='lat' dir='ltr'>bello</span> <span class='ocrx_word' id='word_1_343' title='bbox 1101 1353 1151 1384; x_wconf 87' lang='lat' dir='ltr'>als</span> <span class='ocrx_word' id='word_1_344' title='bbox 1170 1353 1228 1384; x_wconf 88' lang='lat' dir='ltr'>der</span> <span class='ocrx_word' id='word_1_345' title='bbox 1245 1352 1493 1395; x_wconf 84' lang='lat' dir='ltr'>Hauptaufgabe</span> <span class='ocrx_word' id='word_1_346' title='bbox 1510 1354 1568 1385; x_wconf 88' lang='lat' dir='ltr'>des</span> <span class='ocrx_word' id='word_1_347' title='bbox 1588 1353 1673 1385; x_wconf 90' lang='lat' dir='ltr'>Con—</span> 
     </span>
     <span class='ocr_line' id='line_1_52' title="bbox 1003 1398 1671 1442; baseline 0.004 -14"><span class='ocrx_word' id='word_1_348' title='bbox 1003 1398 1082 1428; x_wconf 84' lang='lat' dir='ltr'>suls.</span> <span class='ocrx_word' id='word_1_349' title='bbox 1097 1398 1249 1437; x_wconf 72' lang='lat' dir='ltr'>—z·el11†,</span> <span class='ocrx_word' id='word_1_350' title='bbox 1265 1408 1290 1429; x_wconf 91' lang='grc'>3.</span> <span class='ocrx_word' id='word_1_351' title='bbox 1310 1398 1671 1442; x_wconf 77' lang='lat' dir='ltr'>1,14‚8.—2·neonsp.</span> 
     </span>
     <span class='ocr_line' id='line_1_53' title="bbox 1003 1443 1671 1483; baseline 0.001 -9"><span class='ocrx_word' id='word_1_352' title='bbox 1003 1448 1065 1474; x_wconf 80' lang='lat' dir='ltr'>etc.</span> <span class='ocrx_word' id='word_1_353' title='bbox 1083 1444 1133 1474; x_wconf 90' lang='lat' dir='ltr'>die</span> <span class='ocrx_word' id='word_1_354' title='bbox 1144 1443 1334 1483; x_wconf 85' lang='lat' dir='ltr'>Verlosung</span> <span class='ocrx_word' id='word_1_355' title='bbox 1348 1444 1488 1483; x_wconf 72' lang='lat' dir='ltr'>gest-hah</span> <span class='ocrx_word' id='word_1_356' title='bbox 1505 1444 1671 1476; x_wconf 66' lang='lat' dir='ltr'>offentlich</span> 
     </span>
     <span class='ocr_line' id='line_1_54' title="bbox 1002 1486 1671 1520; baseline 0.003 -2"><span class='ocrx_word' id='word_1_357' title='bbox 1002 1486 1145 1519; x_wconf 83' lang='lat' dir='ltr'>aufdem</span> <span class='ocrx_word' id='word_1_358' title='bbox 1171 1488 1345 1520; x_wconf 87' lang='lat' dir='ltr'>Comitium</span> <span class='ocrx_word' id='word_1_359' title='bbox 1371 1489 1452 1519; x_wconf 88' lang='lat' dir='ltr'>oder</span> <span class='ocrx_word' id='word_1_360' title='bbox 1476 1488 1608 1520; x_wconf 88' lang='lat' dir='ltr'>Forum.</span> <span class='ocrx_word' id='word_1_361' title='bbox 1626 1507 1671 1512; x_wconf 91' lang='lat'>-—</span> 
     </span>
     <span class='ocr_line' id='line_1_55' title="bbox 1002 1533 1672 1575; baseline 0.001 -11"><span class='ocrx_word' id='word_1_362' title='bbox 1002 1536 1149 1565; x_wconf 75' lang='lat' dir='ltr'>com-ert.</span> <span class='ocrx_word' id='word_1_363' title='bbox 1173 1544 1205 1564; x_wconf 90' lang='lat' dir='ltr'>n.</span> <span class='ocrx_word' id='word_1_364' title='bbox 1232 1534 1263 1564; x_wconf 86' lang='lat' dir='ltr'>in</span> <span class='ocrx_word' id='word_1_365' title='bbox 1283 1545 1328 1570; x_wconf 81' lang='lat' dir='ltr'>se,</span> <span class='ocrx_word' id='word_1_366' title='bbox 1363 1534 1430 1573; x_wconf 78' lang='lat' dir='ltr'>vgl.</span> <span class='ocrx_word' id='word_1_367' title='bbox 1457 1533 1510 1575; x_wconf 80' lang='lat'>24,</span> <span class='ocrx_word' id='word_1_368' title='bbox 1529 1534 1559 1574; x_wconf 85' lang='lat'>4,</span> <span class='ocrx_word' id='word_1_369' title='bbox 1579 1534 1609 1565; x_wconf 85' lang='lat'>9.</span> <span class='ocrx_word' id='word_1_370' title='bbox 1628 1553 1672 1557; x_wconf 92' lang='lat'>-—</span> 
     </span>
     <span class='ocr_line' id='line_1_56' title="bbox 1000 1578 1423 1622; baseline 0 -13"><span class='ocrx_word' id='word_1_371' title='bbox 1000 1580 1189 1622; x_wconf 62' lang='lat' dir='ltr'>praebuer„</span> <span class='ocrx_word' id='word_1_372' title='bbox 1209 1589 1235 1609; x_wconf 90' lang='grc'>3.</span> <span class='ocrx_word' id='word_1_373' title='bbox 1251 1589 1276 1609; x_wconf 90' lang='grc'>8.</span> <span class='ocrx_word' id='word_1_374' title='bbox 1298 1578 1350 1618; x_wconf 73' lang='grc'>27,</span> <span class='ocrx_word' id='word_1_375' title='bbox 1373 1579 1423 1609; x_wconf 84' lang='grc'>16.</span> 
     </span>
    </p>

    <p class='ocr_par' dir='ltr' id='par_1_14' title="bbox 996 1623 1671 2699">
     <span class='ocr_line' id='line_1_57' title="bbox 1053 1623 1670 1655; baseline 0.003 -2"><span class='ocrx_word' id='word_1_376' title='bbox 1053 1623 1152 1654; x_wconf 78' lang='lat'>3-4.</span> <span class='ocrx_word' id='word_1_377' title='bbox 1179 1623 1295 1655; x_wconf 81' lang='lat' dir='ltr'>domos</span> <span class='ocrx_word' id='word_1_378' title='bbox 1320 1624 1401 1654; x_wconf 87' lang='lat' dir='ltr'>oder</span> <span class='ocrx_word' id='word_1_379' title='bbox 1424 1624 1476 1654; x_wconf 90' lang='lat' dir='ltr'>ein</span> <span class='ocrx_word' id='word_1_380' title='bbox 1501 1623 1670 1655; x_wconf 78' lang='grc'>’0011118083</span> 
     </span>
     <span class='ocr_line' id='line_1_58' title="bbox 1007 1667 1669 1708; baseline 0.002 -9"><span class='ocrx_word' id='word_1_381' title='bbox 1007 1667 1109 1699; x_wconf 75' lang='lat' dir='ltr'>Wort</span> <span class='ocrx_word' id='word_1_382' title='bbox 1128 1669 1256 1699; x_wconf 86' lang='lat' dir='ltr'>scheint</span> <span class='ocrx_word' id='word_1_383' title='bbox 1272 1667 1489 1708; x_wconf 82' lang='lat' dir='ltr'>ausgefallen,</span> <span class='ocrx_word' id='word_1_384' title='bbox 1520 1669 1559 1700; x_wconf 86' lang='lat' dir='ltr'>da</span> <span class='ocrx_word' id='word_1_385' title='bbox 1589 1669 1669 1700; x_wconf 85' lang='lat' dir='ltr'>nach</span> 
     </span>
     <span class='ocr_line' id='line_1_59' title="bbox 1005 1712 1670 1745; baseline 0.002 -1"><span class='ocrx_word' id='word_1_386' title='bbox 1005 1713 1066 1744; x_wconf 89' lang='lat' dir='ltr'>den</span> <span class='ocrx_word' id='word_1_387' title='bbox 1092 1712 1387 1744; x_wconf 71' lang='lat' dir='ltr'>Zwischens&#39;zitzen</span> <span class='ocrx_word' id='word_1_388' title='bbox 1418 1714 1570 1744; x_wconf 86' lang='lat' dir='ltr'>derselbe</span> <span class='ocrx_word' id='word_1_389' title='bbox 1604 1712 1670 1745; x_wconf 82' lang='lat' dir='ltr'>Ge-</span> 
     </span>
     <span class='ocr_line' id='line_1_60' title="bbox 1004 1758 1669 1791; baseline 0.002 -2"><span class='ocrx_word' id='word_1_390' title='bbox 1004 1758 1110 1789; x_wconf 87' lang='lat' dir='ltr'>danke</span> <span class='ocrx_word' id='word_1_391' title='bbox 1141 1759 1170 1789; x_wconf 91' lang='lat' dir='ltr'>in</span> <span class='ocrx_word' id='word_1_392' title='bbox 1201 1759 1263 1789; x_wconf 76' lang='lat' dir='ltr'>hae</span> <span class='ocrx_word' id='word_1_393' title='bbox 1293 1776 1338 1781; x_wconf 84' lang='lat'>——</span> <span class='ocrx_word' id='word_1_394' title='bbox 1370 1758 1487 1790; x_wconf 81' lang='lat' dir='ltr'>domos</span> <span class='ocrx_word' id='word_1_395' title='bbox 1509 1758 1669 1791; x_wconf 71' lang='lat' dir='ltr'>nobilium</span> 
     </span>
     <span class='ocr_line' id='line_1_61' title="bbox 1002 1801 1669 1844; baseline 0 -10"><span class='ocrx_word' id='word_1_396' title='bbox 1002 1803 1129 1834; x_wconf 80' lang='lat' dir='ltr'>wieder</span> <span class='ocrx_word' id='word_1_397' title='bbox 1142 1801 1474 1844; x_wconf 81' lang='lat' dir='ltr'>aufgenommen,und</span> <span class='ocrx_word' id='word_1_398' title='bbox 1485 1804 1669 1835; x_wconf 66' lang='grc'>88310080-</span> 
     </span>
     <span class='ocr_line' id='line_1_62' title="bbox 1002 1848 1671 1888; baseline 0.001 -9"><span class='ocrx_word' id='word_1_399' title='bbox 1002 1848 1061 1879; x_wconf 86' lang='lat' dir='ltr'>her</span> <span class='ocrx_word' id='word_1_400' title='bbox 1079 1849 1129 1879; x_wconf 84' lang='lat' dir='ltr'>die</span> <span class='ocrx_word' id='word_1_401' title='bbox 1143 1848 1245 1879; x_wconf 85' lang='grc'>80808</span> <span class='ocrx_word' id='word_1_402' title='bbox 1263 1858 1302 1879; x_wconf 88' lang='grc'>00</span> <span class='ocrx_word' id='word_1_403' title='bbox 1318 1849 1379 1879; x_wconf 89' lang='grc'>(180</span> <span class='ocrx_word' id='word_1_404' title='bbox 1394 1849 1496 1879; x_wconf 85' lang='grc'>88001</span> <span class='ocrx_word' id='word_1_405' title='bbox 1512 1848 1671 1888; x_wconf 84' lang='lat' dir='ltr'>gebracht</span> 
     </span>
     <span class='ocr_line' id='line_1_63' title="bbox 1002 1893 1668 1934; baseline 0.002 -10"><span class='ocrx_word' id='word_1_406' title='bbox 1002 1894 1097 1934; x_wconf 83' lang='lat' dir='ltr'>wird,</span> <span class='ocrx_word' id='word_1_407' title='bbox 1115 1903 1151 1925; x_wconf 87' lang='lat' dir='ltr'>so</span> <span class='ocrx_word' id='word_1_408' title='bbox 1169 1894 1245 1924; x_wconf 84' lang='lat' dir='ltr'>dass</span> <span class='ocrx_word' id='word_1_409' title='bbox 1265 1893 1353 1924; x_wconf 87' lang='lat' dir='ltr'>nicht</span> <span class='ocrx_word' id='word_1_410' title='bbox 1370 1893 1435 1924; x_wconf 77' lang='lat' dir='ltr'>wol</span> <span class='ocrx_word' id='word_1_411' title='bbox 1452 1903 1491 1924; x_wconf 89' lang='grc'>00</span> <span class='ocrx_word' id='word_1_412' title='bbox 1510 1904 1541 1924; x_wconf 90' lang='lat' dir='ltr'>u.</span> <span class='ocrx_word' id='word_1_413' title='bbox 1556 1893 1668 1925; x_wconf 80' lang='lat' dir='ltr'>St.se-</span> 
     </span>
     <span class='ocr_line' id='line_1_64' title="bbox 1000 1938 1670 1970; baseline 0 -1"><span class='ocrx_word' id='word_1_414' title='bbox 1000 1941 1118 1969; x_wconf 72' lang='lat' dir='ltr'>nalum</span> <span class='ocrx_word' id='word_1_415' title='bbox 1144 1941 1221 1970; x_wconf 79' lang='lat' dir='ltr'>circ.</span> <span class='ocrx_word' id='word_1_416' title='bbox 1246 1939 1361 1969; x_wconf 85' lang='grc'>318080</span> <span class='ocrx_word' id='word_1_417' title='bbox 1386 1938 1481 1969; x_wconf 84' lang='lat' dir='ltr'>kann.</span> <span class='ocrx_word' id='word_1_418' title='bbox 1505 1956 1550 1960; x_wconf 93' lang='lat'><strong>—</strong></span> <span class='ocrx_word' id='word_1_419' title='bbox 1572 1949 1670 1969; x_wconf 74' lang='grc'>38-</span> 
     </span>
     <span class='ocr_line' id='line_1_65' title="bbox 1001 1983 1667 2025; baseline 0 -11"><span class='ocrx_word' id='word_1_420' title='bbox 1001 1993 1100 2014; x_wconf 82' lang='lat' dir='ltr'>suam</span> <span class='ocrx_word' id='word_1_421' title='bbox 1118 1993 1273 2025; x_wconf 81' lang='lat' dir='ltr'>quosque,</span> <span class='ocrx_word' id='word_1_422' title='bbox 1292 1984 1333 2014; x_wconf 92' lang='lat' dir='ltr'>im</span> <span class='ocrx_word' id='word_1_423' title='bbox 1351 1983 1444 2023; x_wconf 83' lang='lat' dir='ltr'>Folg.</span> <span class='ocrx_word' id='word_1_424' title='bbox 1464 1985 1497 2014; x_wconf 78' lang='grc' dir='ltr'><em>τή</em></span> <span class='ocrx_word' id='word_1_425' title='bbox 1513 1994 1550 2014; x_wconf 79' lang='lat' dir='ltr'>se</span> <span class='ocrx_word' id='word_1_426' title='bbox 1567 1993 1667 2023; x_wconf 85' lang='lat' dir='ltr'>sagen</span> 
     </span>
     <span class='ocr_line' id='line_1_66' title="bbox 1001 2026 1665 2069; baseline 0 -11"><span class='ocrx_word' id='word_1_427' title='bbox 1001 2028 1054 2058; x_wconf 89' lang='lat' dir='ltr'>die</span> <span class='ocrx_word' id='word_1_428' title='bbox 1074 2027 1261 2059; x_wconf 84' lang='lat' dir='ltr'>Gesandten</span> <span class='ocrx_word' id='word_1_429' title='bbox 1281 2028 1343 2058; x_wconf 89' lang='lat' dir='ltr'>wie</span> <span class='ocrx_word' id='word_1_430' title='bbox 1362 2026 1420 2067; x_wconf 87' lang='lat' dir='ltr'>oft,</span> <span class='ocrx_word' id='word_1_431' title='bbox 1440 2038 1465 2058; x_wconf 91' lang='lat' dir='ltr'>s.</span> <span class='ocrx_word' id='word_1_432' title='bbox 1485 2028 1537 2069; x_wconf 83' lang='lat'>24,</span> <span class='ocrx_word' id='word_1_433' title='bbox 1556 2027 1609 2067; x_wconf 88' lang='lat'>33,</span> <span class='ocrx_word' id='word_1_434' title='bbox 1628 2029 1665 2066; x_wconf 74' lang='grc' dir='ltr'>ὃς</span> 
     </span>
     <span class='ocr_line' id='line_1_67' title="bbox 1001 2072 1668 2112; baseline 0.003 -10"><span class='ocrx_word' id='word_1_435' title='bbox 1001 2072 1031 2111; x_wconf 88' lang='lat'>7,</span> <span class='ocrx_word' id='word_1_436' title='bbox 1051 2072 1102 2112; x_wconf 83' lang='grc'>20,</span> <span class='ocrx_word' id='word_1_437' title='bbox 1121 2072 1139 2102; x_wconf 86' lang='grc'>6</span> <span class='ocrx_word' id='word_1_438' title='bbox 1164 2083 1194 2103; x_wconf 93' lang='lat' dir='ltr'>u.</span> <span class='ocrx_word' id='word_1_439' title='bbox 1219 2082 1259 2109; x_wconf 87' lang='lat' dir='ltr'>a.,</span> <span class='ocrx_word' id='word_1_440' title='bbox 1290 2073 1320 2103; x_wconf 92' lang='lat' dir='ltr'>in</span> <span class='ocrx_word' id='word_1_441' title='bbox 1352 2073 1453 2103; x_wconf 89' lang='lat' dir='ltr'>ihrem</span> <span class='ocrx_word' id='word_1_442' title='bbox 1485 2073 1547 2103; x_wconf 91' lang='lat' dir='ltr'>und</span> <span class='ocrx_word' id='word_1_443' title='bbox 1578 2073 1668 2104; x_wconf 84' lang='lat' dir='ltr'>ihrer</span> 
     </span>
     <span class='ocr_line' id='line_1_68' title="bbox 998 2116 1670 2157; baseline 0.001 -9"><span class='ocrx_word' id='word_1_444' title='bbox 998 2116 1186 2157; x_wconf 79' lang='lat' dir='ltr'>Milbiirger</span> <span class='ocrx_word' id='word_1_445' title='bbox 1201 2117 1346 2156; x_wconf 71' lang='lat' dir='ltr'>Nannen3</span> <span class='ocrx_word' id='word_1_446' title='bbox 1370 2118 1445 2148; x_wconf 82' lang='lat' dir='ltr'>dass</span> <span class='ocrx_word' id='word_1_447' title='bbox 1462 2127 1521 2148; x_wconf 86' lang='lat' dir='ltr'>aus</span> <span class='ocrx_word' id='word_1_448' title='bbox 1540 2118 1670 2149; x_wconf 70' lang='grc'>108088-</span> 
     </span>
     <span class='ocr_line' id='line_1_69' title="bbox 999 2161 1665 2202; baseline 0.002 -10"><span class='ocrx_word' id='word_1_449' title='bbox 999 2172 1057 2192; x_wconf 86' lang='lat' dir='ltr'>ren</span> <span class='ocrx_word' id='word_1_450' title='bbox 1091 2162 1227 2194; x_wconf 85' lang='lat' dir='ltr'>Staaten</span> <span class='ocrx_word' id='word_1_451' title='bbox 1269 2161 1436 2193; x_wconf 87' lang='lat' dir='ltr'>Gesandte</span> <span class='ocrx_word' id='word_1_452' title='bbox 1475 2162 1665 2202; x_wconf 85' lang='lat' dir='ltr'>gekommen</span> 
     </span>
     <span class='ocr_line' id='line_1_70' title="bbox 999 2206 1665 2247; baseline 0.003 -10"><span class='ocrx_word' id='word_1_453' title='bbox 999 2216 1111 2238; x_wconf 85' lang='lat' dir='ltr'>waren</span> <span class='ocrx_word' id='word_1_454' title='bbox 1143 2207 1232 2247; x_wconf 79' lang='lat' dir='ltr'>zeigt</span> <span class='ocrx_word' id='word_1_455' title='bbox 1263 2218 1290 2239; x_wconf 82' lang='lat' dir='ltr'>e.</span> <span class='ocrx_word' id='word_1_456' title='bbox 1309 2206 1362 2245; x_wconf 83' lang='lat'>26,</span> <span class='ocrx_word' id='word_1_457' title='bbox 1389 2208 1407 2237; x_wconf 81' lang='lat'>5</span> <span class='ocrx_word' id='word_1_458' title='bbox 1426 2207 1459 2238; x_wconf 88' lang='lat' dir='ltr'>ff.</span> <span class='ocrx_word' id='word_1_459' title='bbox 1485 2207 1576 2239; x_wconf 82' lang='lat' dir='ltr'>Statt</span> <span class='ocrx_word' id='word_1_460' title='bbox 1608 2208 1665 2239; x_wconf 92' lang='lat' dir='ltr'>des</span> 
     </span>
     <span class='ocr_line' id='line_1_71' title="bbox 998 2252 1665 2294; baseline 0.001 -12"><span class='ocrx_word' id='word_1_461' title='bbox 998 2252 1069 2283; x_wconf 87' lang='lat' dir='ltr'>hds.</span> <span class='ocrx_word' id='word_1_462' title='bbox 1096 2254 1249 2294; x_wconf 75' lang='lat' dir='ltr'>quisque,</span> <span class='ocrx_word' id='word_1_463' title='bbox 1273 2252 1419 2283; x_wconf 83' lang='lat' dir='ltr'>welches</span> <span class='ocrx_word' id='word_1_464' title='bbox 1449 2253 1531 2283; x_wconf 91' lang='lat' dir='ltr'>ohne</span> <span class='ocrx_word' id='word_1_465' title='bbox 1555 2252 1665 2283; x_wconf 84' lang='lat' dir='ltr'>Riick-</span> 
     </span>
     <span class='ocr_line' id='line_1_72' title="bbox 998 2296 1665 2339; baseline 0.003 -12"><span class='ocrx_word' id='word_1_466' title='bbox 998 2297 1084 2328; x_wconf 85' lang='lat' dir='ltr'>sicht</span> <span class='ocrx_word' id='word_1_467' title='bbox 1115 2296 1173 2328; x_wconf 83' lang='lat' dir='ltr'>auf</span> <span class='ocrx_word' id='word_1_468' title='bbox 1197 2308 1234 2328; x_wconf 81' lang='lat' dir='ltr'>se</span> <span class='ocrx_word' id='word_1_469' title='bbox 1265 2297 1362 2328; x_wconf 77' lang='lat' dir='ltr'>kaurn</span> <span class='ocrx_word' id='word_1_470' title='bbox 1394 2296 1453 2328; x_wconf 86' lang='lat' dir='ltr'>auf</span> <span class='ocrx_word' id='word_1_471' title='bbox 1480 2297 1665 2339; x_wconf 77' lang='lat' dir='ltr'>adfirman-</span> 
     </span>
     <span class='ocr_line' id='line_1_73' title="bbox 999 2342 1667 2381; baseline 0.001 -9"><span class='ocrx_word' id='word_1_472' title='bbox 999 2344 1048 2373; x_wconf 74' lang='lat' dir='ltr'>tes</span> <span class='ocrx_word' id='word_1_473' title='bbox 1068 2342 1213 2381; x_wconf 77' lang='lat' dir='ltr'>bezogen</span> <span class='ocrx_word' id='word_1_474' title='bbox 1242 2343 1374 2374; x_wconf 84' lang='lat' dir='ltr'>werden</span> <span class='ocrx_word' id='word_1_475' title='bbox 1401 2342 1485 2373; x_wconf 86' lang='lat' dir='ltr'>kann</span> <span class='ocrx_word' id='word_1_476' title='bbox 1513 2343 1667 2380; x_wconf 72' lang='lat' dir='ltr'>(anderer</span> 
     </span>
     <span class='ocr_line' id='line_1_74' title="bbox 996 2386 1663 2426; baseline 0 -8"><span class='ocrx_word' id='word_1_477' title='bbox 996 2388 1060 2418; x_wconf 84' lang='lat' dir='ltr'>Art</span> <span class='ocrx_word' id='word_1_478' title='bbox 1074 2388 1144 2418; x_wconf 88' lang='lat' dir='ltr'>sind</span> <span class='ocrx_word' id='word_1_479' title='bbox 1156 2387 1249 2418; x_wconf 67' lang='lat' dir='ltr'>Fame</span> <span class='ocrx_word' id='word_1_480' title='bbox 1264 2388 1326 2418; x_wconf 89' lang='lat' dir='ltr'>wie</span> <span class='ocrx_word' id='word_1_481' title='bbox 1336 2386 1428 2426; x_wconf 57' lang='lat'>238,</span> <span class='ocrx_word' id='word_1_482' title='bbox 1439 2386 1572 2425; x_wconf 77' lang='lat' dir='ltr'>6)‚wird</span> <span class='ocrx_word' id='word_1_483' title='bbox 1581 2389 1663 2418; x_wconf 84' lang='grc'>01180</span> 
     </span>
     <span class='ocr_line' id='line_1_75' title="bbox 997 2431 1662 2474; baseline 0 -12"><span class='ocrx_word' id='word_1_484' title='bbox 997 2443 1158 2474; x_wconf 74' lang='lat' dir='ltr'>quemque</span> <span class='ocrx_word' id='word_1_485' title='bbox 1172 2433 1368 2473; x_wconf 84' lang='lat' dir='ltr'>verinuthet,</span> <span class='ocrx_word' id='word_1_486' title='bbox 1383 2432 1449 2472; x_wconf 77' lang='lat' dir='ltr'>vgl.</span> <span class='ocrx_word' id='word_1_487' title='bbox 1465 2431 1519 2472; x_wconf 84' lang='lat'>25,</span> <span class='ocrx_word' id='word_1_488' title='bbox 1535 2431 1586 2469; x_wconf 89' lang='grc'>26,</span> <span class='ocrx_word' id='word_1_489' title='bbox 1607 2431 1662 2470; x_wconf 86' lang='grc'>13;</span> 
     </span>
     <span class='ocr_line' id='line_1_76' title="bbox 997 2476 1665 2519; baseline 0 -11"><span class='ocrx_word' id='word_1_490' title='bbox 997 2476 1067 2519; x_wconf 72' lang='lat' dir='ltr'>Z.§</span> <span class='ocrx_word' id='word_1_491' title='bbox 1084 2478 1211 2508; x_wconf 76' lang='lat'>710.—</span> <span class='ocrx_word' id='word_1_492' title='bbox 1225 2477 1286 2509; x_wconf 82' lang='lat' dir='ltr'>sed</span> <span class='ocrx_word' id='word_1_493' title='bbox 1302 2478 1385 2508; x_wconf 88' lang='lat' dir='ltr'>ohne</span> <span class='ocrx_word' id='word_1_494' title='bbox 1399 2479 1500 2508; x_wconf 81' lang='lat' dir='ltr'>etiam</span> <span class='ocrx_word' id='word_1_495' title='bbox 1515 2487 1584 2508; x_wconf 83' lang='lat' dir='ltr'>war</span> <span class='ocrx_word' id='word_1_496' title='bbox 1593 2477 1665 2508; x_wconf 86' lang='lat' dir='ltr'>hier</span> 
     </span>
     <span class='ocr_line' id='line_1_77' title="bbox 997 2520 1666 2562; baseline 0 -10"><span class='ocrx_word' id='word_1_497' title='bbox 997 2523 1219 2562; x_wconf 78' lang='lat' dir='ltr'>nothwendig,</span> <span class='ocrx_word' id='word_1_498' title='bbox 1241 2523 1278 2553; x_wconf 90' lang='grc'>(10</span> <span class='ocrx_word' id='word_1_499' title='bbox 1305 2525 1375 2554; x_wconf 80' lang='lat' dir='ltr'>tota</span> <span class='ocrx_word' id='word_1_500' title='bbox 1392 2520 1485 2561; x_wconf 78' lang='lat' dir='ltr'>folgt.</span> <span class='ocrx_word' id='word_1_501' title='bbox 1504 2541 1547 2544; x_wconf 90' lang='lat'>-—</span> <span class='ocrx_word' id='word_1_502' title='bbox 1565 2524 1666 2554; x_wconf 78' lang='lat' dir='ltr'>meri-</span> 
     </span>
     <span class='ocr_line' id='line_1_78' title="bbox 1001 2566 1662 2607; baseline -0.002 -9"><span class='ocrx_word' id='word_1_503' title='bbox 1001 2570 1082 2607; x_wconf 76' lang='lat' dir='ltr'>tum,</span> <span class='ocrx_word' id='word_1_504' title='bbox 1103 2578 1129 2598; x_wconf 88' lang='grc'>3.</span> <span class='ocrx_word' id='word_1_505' title='bbox 1149 2567 1201 2607; x_wconf 82' lang='lat'>25,</span> <span class='ocrx_word' id='word_1_506' title='bbox 1220 2566 1251 2607; x_wconf 88' lang='grc'>6,</span> <span class='ocrx_word' id='word_1_507' title='bbox 1269 2567 1300 2598; x_wconf 82' lang='lat'>4.</span> <span class='ocrx_word' id='word_1_508' title='bbox 1318 2585 1363 2589; x_wconf 91' lang='lat'>—</span> <span class='ocrx_word' id='word_1_509' title='bbox 1378 2577 1500 2606; x_wconf 65' lang='lat' dir='ltr'>noa-ae,</span> <span class='ocrx_word' id='word_1_510' title='bbox 1523 2566 1662 2598; x_wconf 85' lang='lat' dir='ltr'>Anrich-</span> 
     </span>
     <span class='ocr_line' id='line_1_79' title="bbox 998 2609 1665 2651; baseline -0.001 -8"><span class='ocrx_word' id='word_1_511' title='bbox 998 2616 1080 2650; x_wconf 76' lang='lat' dir='ltr'>tung</span> <span class='ocrx_word' id='word_1_512' title='bbox 1096 2623 1159 2643; x_wconf 83' lang='lat' dir='ltr'>von</span> <span class='ocrx_word' id='word_1_513' title='bbox 1180 2612 1339 2650; x_wconf 87' lang='lat' dir='ltr'>Schaden,</span> <span class='ocrx_word' id='word_1_514' title='bbox 1363 2612 1447 2643; x_wconf 83' lang='lat' dir='ltr'>daun</span> <span class='ocrx_word' id='word_1_515' title='bbox 1466 2609 1665 2651; x_wconf 81' lang='lat' dir='ltr'>Bestrafung</span> 
     </span>
     <span class='ocr_line' id='line_1_80' title="bbox 998 2655 1337 2699; baseline -0.003 -11"><span class='ocrx_word' id='word_1_516' title='bbox 998 2655 1102 2697; x_wconf 78' lang='lat' dir='ltr'>daffir,</span> <span class='ocrx_word' id='word_1_517' title='bbox 1122 2668 1147 2688; x_wconf 93' lang='grc'>3.</span> <span class='ocrx_word' id='word_1_518' title='bbox 1168 2657 1196 2699; x_wconf 90' lang='grc'>2,</span> <span class='ocrx_word' id='word_1_519' title='bbox 1215 2657 1266 2698; x_wconf 82' lang='grc'>54,</span> <span class='ocrx_word' id='word_1_520' title='bbox 1287 2656 1337 2687; x_wconf 89' lang='grc'>10.</span> 
     </span>
    </p>
   </div>
   <div class='ocr_carea' id='block_1_13' title="bbox 1706 847 1774 888">
    <p class='ocr_par' dir='ltr' id='par_1_15' title="bbox 1706 847 1774 888">
     <span class='ocr_line' id='line_1_81' title="bbox 1706 847 1774 888; baseline 0 0"><span class='ocrx_word' id='word_1_521' title='bbox 1706 847 1774 888; x_wconf 82' lang='lat'>10&#39;</span> 
     </span>
    </p>
   </div>
   <div class='ocr_carea' id='block_1_14' title="bbox 1706 1139 1744 1170">
    <p class='ocr_par' dir='ltr' id='par_1_16' title="bbox 1706 1139 1744 1170">
     <span class='ocr_line' id='line_1_82' title="bbox 1706 1139 1744 1170; baseline 0 0"><span class='ocrx_word' id='word_1_522' title='bbox 1706 1139 1744 1170; x_wconf 87' lang='lat'>15</span> 
     </span>
    </p>
   </div>
  </div>
 </body>
</html>
