1784 2967
27 871 66 904 10

98 276 123 293 a.
140 268 193 294 Ch.
207 268 271 293 209.

568 256 694 288 LIBER
719 256 861 289 XXVII.
907 257 1000 290 CAP.
1029 258 1080 291 16.

1452 261 1505 299 45

101 359 355 399 commissum
380 364 459 399 est:
489 370 571 398 non
591 358 741 404 animo,
763 370 845 397 non
866 361 998 405 armis,
1021 372 1100 398 non
1123 365 1204 399 arte
1224 360 1325 406 belli,
1347 372 1427 399 non
1449 361 1506 399 vi-

101 429 193 466 gore
214 429 258 455 ac
278 415 422 454 viribus
445 415 622 466 corporis
644 427 713 466 par
734 415 910 453 Romano
933 415 1165 455 Tarentinus
1182 423 1273 456 erat.
1315 417 1430 467 igitur
1445 418 1506 468 pi-

99 473 143 511 lis
158 477 309 511 tantum
328 472 522 519 coniectis,
540 471 648 522 prius
670 483 803 522 paene,
827 483 940 522 quam
965 479 1212 512 consererent
1233 485 1382 521 manus,
1402 479 1507 525 terga

101 529 303 576 dederunt,
325 528 539 580 dilapsique
561 539 629 578 per
649 532 741 567 nota
763 527 869 566 urbis
892 527 1026 567 itinera
1047 529 1087 567 in
1110 541 1198 568 suas
1216 530 1508 581 amicorumque

102 586 254 624 domos.
296 585 373 624 duo
407 598 451 623 ex
479 584 641 623 ducibus
669 584 763 623 Nico
792 589 829 622 et
850 584 1099 623 Democrates
1120 586 1272 624 fortiter
1289 592 1506 637 pugnantes

99 642 287 689 cecidere3
316 641 584 688 Philemenus,
606 640 671 691 qui
693 640 925 691 proditionis
948 641 993 679 ad
1017 641 1266 680 Hannibalem
1289 648 1423 681 auctor
1442 643 1507 682 fu-

97 703 187 742 erat,
211 710 297 736 cum
321 697 432 736 citato
455 709 554 748 equo
573 709 617 735 ex
638 697 785 747 proelio
809 702 963 736 avectus
985 703 1097 744 esset,
1120 710 1263 737 vacuus
1282 699 1393 748 paulo
1413 705 1504 750 post

98 766 218 805 equus
256 765 391 792 errans
420 766 490 803 per
516 753 661 792 urbem
678 754 874 804 cognitus,
912 766 1056 805 corpus
1085 766 1279 805 nusquam
1309 755 1505 794 inventum

97 815 172 848 est:
196 809 382 849 creditum
404 810 515 860 vulgo
535 815 594 848 est
610 810 648 848 in
666 816 824 861 putenm
843 815 1020 860 apertum
1039 823 1082 848 ex
1100 823 1199 861 equo
1218 812 1505 862 praecipitasse.

96 867 363 905 Carthalonem
382 871 523 906 autem.
540 867 774 917 praefectum
794 866 929 905 Punici
948 867 1139 917 praesidii,
1158 880 1244 906 cum
1263 880 1503 906 commemo·
1538 873 1548 879 ”

94 923 243 962 ratione
278 923 426 973 paterni
463 923 623 973 hospitii
660 923 799 973 positis
835 923 953 962 armis
983 923 1196 961 venientem
1226 924 1270 962 ad
1303 925 1504 963 consulem

93 980 202 1018 miles
220 979 356 1018 obvius
375 979 594 1017 obtruncat.
637 980 697 1017 alii
716 979 810 1017 alios
828 980 972 1030 passim
992 980 1075 1017 sine
1093 979 1316 1018 discrimine
1333 986 1502 1019 armatos

92 1035 250 1074 inermis
274 1036 454 1080 caedunt,
481 1035 816 1086 Carthaginienses
838 1036 1145 1086 Tarentinosque
1168 1036 1322 1086 pariter.
1366 1037 1503 1075 Bruttii

96 1104 249 1142 quoque
272 1092 379 1130 multi
401 1092 601 1137 interfecti,
626 1104 692 1130 seu
711 1105 781 1142 per
802 1104 987 1137 errorem,
1013 1104 1081 1130 seu
1102 1098 1227 1130 vetere
1249 1092 1287 1130 in
1305 1105 1372 1130 eos
1390 1092 1505 1131 insito

32 1153 71 1185 15
99 1148 201 1193 odio,
222 1160 290 1186 seu
312 1148 355 1186 ad
379 1148 611 1198 proditionis
632 1148 788 1193 famam,
813 1153 853 1186 ut
874 1148 906 1185 vi
928 1148 1058 1198 potius
1077 1153 1188 1198 atque
1210 1149 1328 1186 armis
1351 1154 1504 1199 captum

94 1204 304 1242 Tarentum
327 1204 532 1251 videretur,
555 1204 864 1254 extinguendam.
905 1209 987 1242 tum
1011 1217 1029 1242 a
1052 1205 1166 1242 caede
1187 1205 1231 1242 ad
1249 1205 1504 1255 diripiendam

95 1260 229 1299 urbem
259 1260 491 1299 discursum.
530 1260 644 1298 millia
674 1273 747 1298 xxx
770 1260 963 1299 servilium
988 1260 1156 1311 capitum
1186 1261 1368 1300 dicuntur
1395 1263 1506 1312 capti,

141 1366 207 1403 16.
240 1371 301 1402 1-
305 1371 335 1402 4.
364 1382 431 1403 non
448 1372 561 1403 animo
576 1371 694 1413 etc.,9,
713 1371 763 1409 14,

95 1417 125 1448 5.
143 1435 187 1439 ——
211 1418 440 1458 vz'goreaez„
459 1427 485 1448 s.
506 1417 536 1455 6,
555 1416 608 1454 22,
627 1418 642 1447 7
654 1417 712 1456 39,
732 1415 763 1456 3,

95 1463 131 1499 53
150 1462 232 1493 iiber
249 1472 287 1493 ac
305 1461 357 1502 27,
378 1461 430 1501 50,
449 1462 486 1500 4,
507 1460 560 1499 28,
579 1441 632 1499 4'0,
652 1461 689 1493 9:
710 1460 763 1500 24,

94 1485 145 1548 40,
167 1506 196 1538 3.
215 1526 258 1529 —-
274 1517 336 1549 per
351 1486 442 1547 1ηοιξα,
461 1517 496 1538 cs
516 1488 586 1537 sind
606 1506 763 1538 Tarenti-

95 1562 172 1590 ner3
192 1552 242 1583 die
261 1552 444 1591 Carthager
463 1553 595 1583 werden
615 1556 686 1582 erst
704 1550 724 1593 ξ
744 1552 762 1582 5

95 1597 256 1629 erwiihnt.
288 1616 328 1620 —-
359 1596 440 1629 Nzco
470 1616 513 1619 —
543 1597 701 1636 Philam„
726 1596 763 1627 L.

96 1643 222 1674 scheint
247 1642 318 1673 hier
342 1643 401 1673 der
425 1642 477 1683 25,
497 1641 526 1681 8,
549 1643 561 1673 1
583 1640 764 1682 angefiihr-

95 1692 150 1718 ten
166 1686 343 1718 Nachricht
360 1697 421 1718 von
439 1688 563 1728 Appian
579 1688 641 1718 und
657 1687 765 1718 Fron-

96 1733 141 1763 tin
161 1743 202 1762 zu
220 1732 341 1771 folgen,
361 1742 397 1763 er
415 1732 520 1763 selbst
534 1733 629 1763 stelit
641 1742 670 1763 a.
685 1731 764 1763 a.0.

96 1777 190 1807 beiile
208 1777 257 1808 als
274 1777 380 1817 gleich
406 1777 511 1815 thiitig
534 1777 583 1807 bei
607 1779 678 1807 dem
698 1777 764 1808 Ab-

96 1820 174 1853 fulle
194 1822 263 1853 dar.
281 1840 327 1845 —-
341 1821 385 1853 ad
401 1822 517 1862 Hamz.,
535 1822 602 1861 vgl.
622 1832 649 1852 c.
672 1821 764 1861 15,2.

96 1885 139 1889 ——
154 1877 288 1906 meaux,
304 1867 361 1897 das
375 1868 503 1897 hdschr.
516 1877 624 1908 vagus
639 1867 767 1897 scheint

97 1912 199 1943 neben
215 1922 335 1943 errans
351 1912 566 1951 iibe1·fliissig;
586 1912 706 1942 anders
720 1912 765 1942 ist

97 1956 176 1989 Tac.
206 1957 291 1988 Ann.
326 1957 352 1995 1,
383 1956 441 1987 66:
476 1968 580 1998 equus
608 1957 764 1999 abruptis

96 2002 236 2034 vinculis
252 2012 363 2043 vagus
380 2005 413 2033 et
430 2002 577 2034 elamore
601 2003 760 2039 territus;

94 2047 177 2078 iiber
200 2048 252 2078 die
277 2047 491 2087 Verbindung
514 2048 571 2078 des
602 2046 676 2087 Adj.
706 2047 764 2078 mit

95 2093 167 2123 dem
192 2092 312 2123 Partic.
332 2092 386 2131 29,
405 2092 515 2132 2,15;
548 2092 576 2131 1,
595 2091 648 2132 21,
672 2092 699 2122 1.
719 2109 764 2114 -

93 2138 279 2180 praecipit„
295 2137 348 2178 25,
369 2137 419 2177 11,
438 2137 471 2168 6:
490 2136 631 2180 plurimi
641 2139 673 2168 in
682 2137 762 2178 fos-

97 2193 170 2213 sam
185 2184 462 2224 praecipitavere.

141 2227 241 2257 5—6.
292 2226 500 2268 Carthalon„
531 2237 567 2257 er
596 2227 640 2258 ist
669 2231 763 2258 sonst

96 2272 186 2302 nicht
220 2271 383 2308 bekannt3
425 2272 475 2302 die
511 2272 665 2312 punische
700 2272 762 2303 Be-

97 2321 237 2355 satzung
255 2317 335 2347 wird
356 2327 391 2346 so
411 2327 472 2347 nur
490 2317 564 2358 spirit
580 2318 642 2348 und
662 2319 762 2348 nach-

96 2362 236 2401 triiglich
252 2362 412 2399 erwiilint,
429 2361 592 2402 s.c.15,9.
612 2380 655 2384 ——
671 2373 762 2393 com-

94 2417 247 2448 memor„
266 2417 291 2437 s.
313 2418 340 2437 c.
360 2407 390 2445 4,
412 2406 469 2443 10,
490 2418 576 2446 cum,
593 2411 701 2437 unter.
720 2425 763 2430 —-

94 2452 226 2495 kospit„
242 2452 660 2482 walirscheinlichstanden
677 2452 766 2483 nicht

96 2498 223 2537 wenige
247 2498 425 2528 vornehine
449 2497 607 2527 Fainilien
633 2497 663 2527 in
683 2497 763 2528 Car-

98 2542 193 2581 thago
213 2553 248 2572 so
274 2542 332 2572 mit
357 2542 540 2572 roinisclien
566 2542 594 2571 in
623 2541 762 2573 Verbin-

97 2587 200 2627 dung,
226 2598 252 2618 s.
272 2586 450 2617 Mommsen
475 2588 502 2626 1,
521 2586 621 2618 5551‘.
640 2605 684 2610 -—
706 2598 762 2619 re-

95 2634 214 2671 nz'ent„
243 2632 292 2663 als
317 2642 353 2662 er
373 2633 452 2663 noch
472 2637 663 2670 unterwegs
682 2643 762 2664 war.

96 2694 139 2698 —
160 2679 291 2719 paritet·
313 2677 372 2708 ala·
394 2678 424 2708 iu
451 2678 561 2716 Bezug
584 2677 642 2707 auf
656 2678 763 2719 miles,

836 1372 923 1403 alios
946 1370 1005 1403 auf
1018 1372 1192 1411 Carthalo,
1217 1373 1267 1403 die
1292 1371 1508 1404 Zusammen-

838 1417 985 1456 stellung
1016 1418 1059 1447 ist
1091 1422 1196 1448 etwas
1225 1418 1346 1448 anders
1375 1418 1425 1449 als
1450 1428 1508 1457 ge-

837 1462 1011 1503 wo'hnlicb,
1030 1461 1067 1493 Z.
1087 1461 1199 1503 §712
1218 1481 1260 1484 —
1275 1465 1417 1505 pariter,
1436 1463 1508 1493 hier

839 1507 945 1546 wenig
964 1508 1179 1538 verschieden
1204 1518 1267 1538 von
1293 1510 1365 1539 sine
1388 1507 1510 1540 discri-

837 1553 941 1593 mine,
967 1551 1107 1592 vg1.22‚
1129 1552 1178 1591 15,
1201 1552 1229 1583 1.
1248 1571 1289 1575 —
1315 1556 1426 1584 vetere
1443 1558 1506 1584 etc.

838 1598 905 1637 vgl.
921 1608 961 1628 zu
977 1597 1028 1638 30,
1048 1597 1101 1636 24,
1120 1597 1150 1628 4.
1165 1615 1208 1620 —-
1226 1599 1309 1629 utvz'
1324 1603 1401 1637 etc„
1422 1597 1506 1629 Plut.

838 1642 860 1673 l.
880 1643 916 1673 l.:
938 1639 1022 1677 τοὺς
1035 1654 1106 1686 γαρ
1120 1645 1321 1684 Βρεττίους
1338 1640 1509 1695 πρῴτους

838 1684 1101 1739 ἀποσφάττειν
1141 1686 1219 1719 ἐκέ).
1225 1697 1343 1725 evoe),
1378 1699 1425 1723 ως
1455 1685 1507 1732 μὴ

839 1731 1030 1784 προδοσία
1055 1730 1119 1773 τὴν
1142 1729 1251 1765 πόλιν
1273 1731 1367 1775 ἔχων
1397 1744 1509 1777 φανε-

839 1774 903 1820 ρὸς
918 1778 982 1819 γέι
986 1787 1078 1808 οιτο.

886 1823 914 1852 7.
950 1825 1020 1853 ium
1044 1833 1065 1853 a
1090 1826 1169 1860 etc„
1202 1832 1228 1852 s.
1246 1821 1300 1861 26,
1318 1821 1440 1861 46,10.
1464 1840 1507 1845 -

838 1866 947 1898 ser-sd.
972 1877 1059 1910 cap„
1088 1867 1155 1905 vgl.
1175 1866 1228 1906 29,
1248 1866 1300 1907 29,
1320 1867 1358 1910 3,
1378 1868 1505 1908 Digest.

837 1911 893 1951 lv,
913 1912 942 1952 5,
963 1911 999 1942 3:
1030 1911 1151 1943 serz'le
1173 1915 1275 1954 caput
1297 1912 1427 1944 nullum
1451 1915 1506 1944 ius

837 1957 946 1988 habet.
994 1957 1065 1988 Liv.
1095 1957 1225 1987 scheint
1252 1958 1303 1987 die
1334 1958 1436 1989 Harte
1466 1969 1507 1988 zu

837 2002 993 2040 mildern,
1018 2002 1123 2032 indem
1149 2012 1186 2032 er
1208 2013 1270 2033 nur
1293 2002 1433 2034 Sclaven
1452 2013 1509 2043 ge—

836 2046 954 2086 fangen
975 2048 1108 2078 werden
1127 2047 1229 2085 lusst3
1251 2048 1331 2078 oder
1346 2049 1405 2078 der
1419 2049 1507 2079 Aus-

836 2092 939 2122 druck
962 2092 1006 2122 ist
1030 2091 1208 2123 verkiirzt:
1228 2093 1275 2123 sie
1296 2094 1429 2124 wurden
1449 2103 1507 2132 ge-

835 2136 954 2177 faugen
974 2138 1036 2168 und
1057 2134 1507 2177 Sclaven,vgl.Plut.c}716-

836 2186 955 2214 θαιοι
975 2180 1012 2213 δὲ
1033 2182 1165 2213 πολλοὶ
1190 2182 1249 2213 καὶ
1273 2193 1345 2213 ron
1367 2185 1507 2227 Tuom-

836 2229 947 2259 τίιωι
968 2227 1004 2257 οἱ
1030 2225 1068 2257 δὲ
1090 2238 1178 2257 ποτε
1191 2213 1505 2270 .’1ειτεςέγέν’-ωι

836 2283 876 2303 το
907 2258 1141 2315 τρισιιύοιοι,
1174 2272 1270 2303 Or.os
1296 2272 1413 2311 4,18:
1444 2275 1505 2304 tn·-

833 2319 933 2359 g'mta
965 2317 1059 2348 mi'lea
1090 2317 1262 2348 hommum
1295 2296 1447 2360 ozimi-m
1450 2328 1505 2348 am

836 2362 999 2401 rendi’dtt,
1028 2364 1138 2404 pr'etta
1162 2373 1193 2393 m
1220 2363 1342 2404 fiscum
1372 2363 1507 2399 retuli&

837 2408 974 2449 Eutrop.
990 2407 1019 2445 3,
1037 2408 1055 2437 9
1075 2407 1165 2446 giebt
1186 2418 1246 2437 nur
1269 2407 1378 2438 25000
1397 2418 1448 2439 an.
1464 2427 1506 2430 -—

837 2455 935 2495 capti,
954 2452 1018 2491 vgl.
1042 2452 1090 2489 10,
1110 2451 1162 2491 34,
1182 2452 1218 2489 3,
1239 2451 1291 2493 37,
1310 2453 1362 2491 40,
1386 2452 1417 2484 1:
1448 2453 1505 2484 dc-

836 2509 904 2529 eem
925 2501 957 2529 et
972 2509 1036 2528 sea·
1048 2497 1139 2527 milia
1154 2497 1305 2539 pedilum
1324 2508 1418 2529 more
1433 2498 1507 2530 Μα-

837 2543 997 2574 cedonum
1017 2543 1145 2573 armati
1161 2543 1289 2583 silerem
1311 2543 1371 2581 40,
1390 2543 1449 2582 41,
1467 2544 1504 2582 3,

837 2588 926 2619 Curt.
946 2588 984 2627 4,
1010 2588 1066 2625 19,
1094 2587 1149 2625 17,
1176 2588 1257 2618 ‹lm-h
1284 2589 1383 2619 istan
1403 2599 1435 2619 u.
1455 2588 1504 2620 St.

836 2643 949 2672 wegen
977 2634 1125 2675 capilum
1143 2633 1231 2664 viell.
1252 2636 1350 2676 capta
1369 2633 1504 2672 besser,

839 2678 925 2708 nicht
955 2689 995 2709 zu
1020 2678 1247 2709 vei-wechselu
1271 2679 1315 2709 ist
1338 2679 1397 2710 der
1420 2679 1505 2717 Fau,
