1784 2967
224 224 305 263 262
672 219 798 252 LIBER
822 219 952 254 XXIX.
1002 221 1093 254 CAP.
1123 222 1172 255 10.
1196 222 1248 254 11.
1480 239 1506 256 a.
1529 239 1554 258 u.
1571 232 1632 259 549.

222 325 352 377 pionis
389 325 492 364 velut
526 324 831 374 praesagientem
869 326 1041 365 animum
1069 325 1115 364 de
1144 325 1219 363 fine
1249 324 1354 372 belli,
1382 325 1486 375 quod
1509 325 1634 376 depo-

173 388 192 419 8
222 381 416 433 poseisset
442 380 682 431 provinciam
714 380 892 420 Africam.
941 383 1084 434 itaque,
1113 394 1188 433 quo
1213 381 1401 420 maturius
1422 382 1509 420 fatis
1532 382 1633 421 omi-

221 439 335 477 nibus
365 437 607 488 oraculisque
634 438 900 488 portendentis
929 452 1015 478 sese
1043 439 1225 477 victoriae
1254 442 1457 488 compotes
1484 440 1633 485 fierent,

222 495 258 533 id
282 493 467 543 cogitare,
491 506 588 544 quae
608 494 703 533 ratio
725 496 1049 546 transportandae
1071 496 1236 534 Romam
1260 495 1351 533 deae
1371 499 1487 533 esset.

334 549 561 590 Nullasdum
588 550 627 588 in
649 551 737 590 Asia
764 552 887 591 socias
919 553 1089 591 civitates
1112 552 1275 590 habebat
1295 551 1463 602 populus
1485 551 1630 590 Roma·
1661 563 1681 594 5

219 618 311 645 nus:
339 611 469 646 tamen
497 619 690 646 memores
712 609 982 659 Aesculapium
1014 621 1169 660 quoque
1191 621 1236 647 ex
1258 608 1414 647 Graecia
1435 608 1633 659 quondam

218 662 417 701 hauddum
451 663 527 702 ullo
554 664 710 702 foedere
737 665 881 704 sociata
909 665 1135 704 valetudinis
1163 665 1295 716 populi
1325 677 1438 703 causa
1468 664 1634 703 arcessi-

170 727 189 758 2
218 724 314 765 tum,
337 724 430 758 tunc
450 720 533 759 ianr
549 733 635 758 cum
658 721 781 759 Attalo
804 733 893 771 rege
914 727 1076 772 propter
1098 733 1307 760 commune
1334 721 1516 760 adversus
1538 721 1635 760 Phi-

217 776 367 827 lippum
386 776 527 815 bellum
545 781 722 827 coeptam
741 777 947 816 amicitiam
965 790 1063 825 esse,
1074 778 1265 817 facturum
1284 790 1372 816 eum
1390 790 1485 828 quae
1499 782 1636 828 posset

170 838 189 869 3
219 832 353 884 populi
382 832 548 871 Romani
575 846 708 879 causa,
736 834 883 884 legatos
913 834 960 873 ad
987 847 1075 873 eum
1106 835 1336 880 decernunt,
1362 835 1409 873 M.
1439 834 1633 873 Valerium
1660 844 1702 877 10

219 889 442 934 Laevinum,
462 889 525 939 qui
543 889 601 928 bis
615 890 753 929 consul
769 891 894 929 fuerat
910 903 953 930 ac
969 903 1030 930 res
1048 892 1087 929 in
1100 891 1255 929 Graecia
1272 895 1457 941 gesserat,
1475 890 1527 929 M.
1540 890 1632 929 Cae-

220 946 349 985 cilium
373 945 564 984 Metellum
589 949 854 998 praetorz'wn,
882 947 966 986 Ser.
988 947 1204 999 Sulpicium
1225 947 1382 986 Galbam
1405 947 1633 995 aedilicium,

220 1003 319 1041 duos
349 1002 613 1053 quaestorios,
643 1003 710 1042 Cn.
735 1004 983 1042 Tremellium
1006 1004 1183 1043 Flaccum
1206 1008 1242 1042 et
1262 1003 1310 1042 M.
1333 1003 1525 1042 Valerium
1546 1003 1637 1042 Fal—

169 1066 190 1097 4
218 1065 365 1098 tonem.
414 1059 458 1097 iis
489 1059 658 1111 quinque
686 1072 801 1099 naves
825 1060 1141 1111 quinqueremes,
1172 1065 1215 1098 ut
1235 1073 1281 1098 ex
1302 1059 1481 1110 dignitate
1502 1059 1635 1111 populi

218 1115 384 1154 Romani
413 1115 564 1155 adirent
584 1129 646 1155 eas
668 1122 808 1163 terras,
837 1118 883 1156 ad
906 1130 1000 1168 quas
1023 1116 1260 1156 concilianda
1281 1117 1462 1155 maiestas
1484 1116 1636 1155 nomini
1663 1126 1703 1159 15

171 1179 189 1210 5
219 1172 396 1210 Romano
425 1178 547 1219 esset,
578 1174 802 1212 decernunt.
851 1173 964 1225 legati
986 1174 1116 1213 Asiam
1148 1178 1321 1224 petentes
1343 1173 1523 1223 protinus
1545 1173 1634 1212 Del-

218 1229 318 1279 phos
342 1241 428 1267 cum
453 1230 733 1281 escendissent,
758 1231 954 1269 oraculum
977 1230 1154 1269 adierunt
1174 1229 1440 1277 consulentes,
1462 1229 1507 1268 ad
1530 1229 1636 1281 quod

218 1284 418 1336 negotium
449 1285 567 1324 domo
597 1287 707 1325 missi
735 1291 884 1334 essent,
912 1287 1137 1339 perficiendi
1164 1287 1246 1326 eius
1277 1299 1393 1337 quam
1421 1286 1493 1324 sibi
1522 1298 1634 1337 spem

143 553 193 590 11

963 1433 1017 1472 48,
1039 1433 1090 1465 13.
1108 1451 1152 1456 —-
1168 1434 1320 1465 amicitia
1337 1432 1409 1464 hier
1426 1432 1635 1474 vonsoedus

963 1479 1230 1518 unterschieden,
1245 1478 1320 1509 weil
1337 1478 1404 1509 sich
1415 1477 1635 1510 beideTheile

217 1434 248 1472 4,
275 1432 312 1464 3:
344 1416 582 1465 summa‘belli.
600 1451 645 1456 —
661 1435 889 1476 conferebant,

216 1478 367 1518 bezogen
401 1476 532 1518 darauf,
580 1479 757 1510 rechneteu
794 1480 889 1511 dazu.

217 1523 302 1554 Dass
325 1524 427 1554 durch
452 1523 504 1554 die
529 1523 684 1563 Deutung
708 1525 765 1555 des
785 1524 889 1566 Spru-

217 1569 295 1600 ches
331 1568 458 1610 Scipios
491 1568 593 1599 Pla'ne
628 1569 739 1600 hatten
774 1574 890 1600 unter-

216 1614 323 1645 stiitzt
341 1614 476 1645 werden
491 1613 609 1653 sollen,
624 1614 708 1646 liisst
719 1615 777 1645 das
791 1614 887 1654 Folg.

215 1660 425 1690 vermutheu.
449 1676 493 1681 -
513 1669 692 1702 praesaga,
717 1670 743 1691 s.
762 1658 816 1701 28,
833 1659 888 1700 40,

220 1704 255 1742 13
291 1704 344 1744 26,
367 1703 417 1744 18,
443 1703 473 1735 8.
490 1722 534 1726 —-
552 1704 675 1746 define
694 1706 734 1746 b.,
753 1705 814 1735 wie
833 1716 888 1737 eo-

213 1751 329 1791 gz'tare
357 1748 398 1780 de
425 1759 456 1779 u.
493 1749 540 1780 ὲί.;
581 1749 652 1780 eine
686 1749 890 1790 Vorahnung

216 1794 300 1825 iiber
317 1794 375 1825 das
393 1793 486 1825 Ende
505 1794 563 1825 des
582 1792 740 1835 Hrieges,
775 1795 833 1826 das
853 1805 890 1826 er

218 1837 453 1870 herbeifiihren
478 1840 601 1870 werde.
630 1857 674 1862 —
700 1840 801 1881 quod,
836 1840 889 1871 die

219 1884 286 1915 sich
301 1885 392 1915 dario
406 1885 784 1926 ausgesprochenh'zitte,
800 1886 889 1917 dass.

218 1947 262 1952 —-
283 1930 382 1970 fatis,
408 1930 466 1960 das
491 1930 602 1971 sibyll.
622 1929 748 1961 Orakel
771 1930 888 1971 selbst,

219 1985 246 2007 s.
265 1974 318 2015 22,
338 1975 368 2014 9,
388 1974 424 2013 83
460 1975 502 2006 ib.
522 1975 575 2015 57,
595 1974 630 2013 63
667 1975 720 2013 42,
746 1975 776 2015 2,
797 1975 828 2007 6.
846 1994 888 1998 -—

219 2021 365 2058 omz‘uz'b„
384 2020 435 2050 die
448 2020 630 2059 Alinungeu
646 2020 790 2062 Scipios3
812 2031 889 2052 ora-

218 2064 299 2106 cul.,
332 2065 391 2095 der
416 2075 456 2095 zu
475 2065 591 2106 Delphi
616 2065 787 2096 erhaltene
806 2065 891 2097 Ora-

217 2110 407 2151 kelspruch,
426 2110 492 2149 vgl.
512 2110 542 2148 5,
564 2109 614 2148 19,
637 2110 648 2140 1
664 2120 672 2148 ;
705 2109 783 2142 Tac.
802 2110 840 2142 H.
859 2110 888 2151 2,

220 2155 275 2186 78:
296 2165 463 2197 responsa
479 2157 593 2186 vatum
607 2158 640 2186 et
651 2155 803 2187 siderum
817 2166 889 2187 mo-

219 2203 275 2232 tus
309 2201 456 2241 referre.
489 2219 527 2222 —-
561 2200 599 2231 id
620 2203 721 2242 cogit.
733 2225 740 2239 ‚
774 2199 894 2232 darauf

218 2245 363 2283 denken,
383 2246 444 2276 wie
465 2255 500 2276 es
517 2245 567 2276 ins
589 2244 694 2276 Werk
714 2257 755 2277 zu
773 2251 888 2278 setzen

217 2291 284 2328 sei,
325 2291 532 2330 gewo'hnlich
563 2290 599 2322 id
628 2293 778 2332 agitare,
819 2301 888 2323 was

218 2335 320 2367 Gron.
340 2336 422 2366 auch
442 2336 512 2366 hier
530 2337 730 2367 vermuthet.

266 2375 335 2412 11.
354 2380 450 2412 1-3,
463 2381 667 2421 nullasdum,
683 2391 709 2412 s.
720 2380 751 2421 3,
766 2381 819 2421 50,
836 2380 887 2420 16,

219 2435 254 2456 es
265 2426 539 2457 wirdimmervon
552 2426 889 2466 derVergangenheit

219 2471 416 2510 gebraucht3
440 2471 522 2502 iiber
542 2472 600 2502 das
620 2469 698 2512 folg.
714 2471 888 2503 hauddum

221 2518 251 2546 s?
267 2516 297 2553 2,
315 2515 368 2554 52,
388 2516 417 2546 4.
437 2534 480 2539 —
499 2517 689 2560 Aesculap.,
716 2527 742 2548 s.
766 2517 815 2556 10,
834 2516 887 2555 47,

222 2560 257 2595 7;
275 2560 434 2592 Periocha
456 2561 506 2592 11.
519 2580 562 2583 ———
577 2565 654 2594 tunc
667 2564 734 2593 iam
746 2561 890 2601 =jetzt

222 2605 334 2635 h'atten
366 2606 414 2636 sie
444 2606 585 2646 bereits,
619 2609 686 2638 iam
711 2608 831 2647 geho'rt
848 2617 889 2637 zu

221 2652 372 2692 coeptam
389 2661 480 2689 esse3
515 2652 598 2683 iiber
620 2655 772 2696 coeptam
789 2663 816 2685 s.
835 2652 889 2692 24,

964 1535 1026 1555 nur
1051 1535 1091 1555 zu
1115 1522 1458 1564 gemeinschaftlich&
1477 1523 1636 1564 Fiihrung

962 1570 1020 1601 des
1050 1568 1191 1609 Hrieges
1223 1569 1413 1599 verbunden
1443 1568 1559 1600 haben.
1590 1586 1635 1591 —

952 1616 1138 1657 facturum
1156 1624 1220 1645 von
1240 1614 1310 1644 dem
1330 1614 1362 1644 in
1385 1623 1552 1645 memores
1570 1613 1633 1644 lie—

961 1660 1089 1699 genden
1108 1658 1233 1699 ssegriff
1252 1659 1310 1689 des
1328 1658 1483 1689 Denkens
1511 1658 1635 1690 abhan-

963 1705 1028 1745 gig.
1046 1722 1091 1727 —
1108 1706 1157 1736 bis
1176 1714 1283 1743 consu,
1317 1713 1344 1734 s.
1369 1703 1422 1743 26,
1446 1703 1499 1743 22,
1521 1702 1571 1734 12.
1590 1722 1635 1726 —

964 1749 1092 1789 Caecil„
1111 1748 1164 1788 28,
1187 1749 1237 1780 10.
1257 1749 1316 1780 Die
1329 1746 1409 1788 folg.
1426 1747 1546 1779 Worte
1561 1748 1636 1780 siud

962 1795 994 1826 in
1012 1795 1073 1826 den
1099 1795 1215 1825 besten
1234 1794 1309 1825 Hss.
1334 1792 1536 1826 liickenhaft.
1570 1794 1634 1825 Be-

963 1840 1126 1871 deutende
1161 1837 1461 1871 Gesandtschaften
1496 1839 1634 1870 werden

962 1885 1170 1925 gewo'hnlich
1190 1885 1219 1915 in
1240 1885 1299 1915 der
1316 1884 1386 1915 hier
1399 1884 1634 1924 angegebenen

964 1929 1080 1962 &Veise
1100 1933 1436 1969 zusammengesetzt,
1462 1939 1488 1960 s.
1507 1928 1560 1969 30,
1579 1928 1634 1970 26,

962 1975 1004 2014 43
1024 1975 1078 2016 35,
1097 1974 1158 2014 233
1183 1974 1234 2016 39,
1253 1974 1295 2005 24
1312 1985 1344 2005 u.
1361 1984 1403 2013 a„
1421 1974 1487 2014 vgl.
1506 1973 1631 2015 31,11,

1007 2064 1039 2095 4.
1058 2064 1103 2096 ad
1118 2075 1213 2106 quas,
1231 2064 1283 2095 bei
1301 2064 1468 2102 welchen3
1502 2063 1634 2095 bezieht

963 2110 1032 2141 sich
1049 2110 1142 2140 mehr
1156 2107 1277 2140 aufdie
1293 2109 1431 2148 volker,
1449 2108 1515 2149 vgl.
1535 2119 1562 2140 c.
1577 2108 1632 2150 22,

963 2154 999 2186 8:
1027 2154 1074 2186 ad
1088 2154 1248 2195 vulgum3
1283 2153 1335 2191 24,
1355 2153 1407 2193 32,
1427 2153 1462 2184 2:
1482 2153 1527 2185 ad
1542 2153 1634 2186 mili-

963 2203 1038 2232 tare
1057 2211 1169 2242 genus
1197 2218 1241 2222 —
1270 2201 1433 2237 invisum3
1469 2198 1499 2240 6,
1526 2198 1579 2239 34,
1599 2199 1630 2231 5.

962 2263 1006 2268 —
1030 2245 1143 2277 concil.
1173 2247 1264 2285 macl,
1300 2244 1549 2284 Auerkennung
1572 2244 1632 2276 der

962 2290 1083 2321 Hoheit
1100 2290 1270 2330 erlangen,
1300 2290 1391 2321 diese
1410 2289 1545 2330 geltend
1561 2299 1631 2321 ma-

963 2336 1060 2373 chen,
1095 2336 1158 2366 wie
1176 2336 1338 2367 honorem
1356 2334 1534 2366 coneih'are
1551 2345 1630 2366 ver—

962 2381 1102 2412 bunden.

1007 2425 1105 2458 5-6.
1123 2428 1290 2469 protinus,
1309 2425 1371 2456 wie
1390 2423 1442 2466 28,
1460 2423 1510 2462 13,
1524 2424 1563 2463 43
1581 2425 1631 2456 sie

962 2471 1076 2511 segeln
1095 2471 1166 2502 also
1185 2471 1286 2502 durch
1305 2471 1366 2501 den
1384 2470 1630 2501 corinthischen

962 2515 1162 2547 Meerbusen
1191 2517 1254 2547 und
1286 2516 1452 2555 ersteigen
1482 2515 1630 2555 sogleich

962 2561 1024 2592 den
1044 2561 1244 2599 Parnassus,
1270 2561 1370 2592 daher
1387 2559 1629 2600 ascendissent,

963 2617 988 2637 s.
1009 2606 1060 2646 26,
1079 2607 1132 2645 43,
1152 2607 1190 2645 53
1209 2607 1356 2646 dagegen
1375 2605 1429 2645 42,
1456 2605 1507 2646 15,
1532 2605 1569 2637 4:
1593 2615 1632 2637 a-

962 2651 1197 2684 scendentibus
1218 2651 1264 2683 ad
1287 2650 1458 2694 templum.
1482 2668 1527 2674 —-
1554 2651 1630 2693 sibi,
