1784 2967
165 759 216 798 19

247 207 323 247 168

640 205 767 238 LIBER
791 206 946 240 XXVIII.
994 207 1084 240 CAP.
1114 207 1237 240 18.19.

1507 227 1533 246 a.
1546 227 1573 244 u.
1586 221 1646 246 548.

243 310 378 348 ducem
390 308 612 347 Romanum
629 308 756 347 relicta
775 309 970 359 provincia
988 321 1109 348 novae
1127 309 1304 356 dicionis,
1321 311 1463 350 relictis
1474 312 1648 352 exerciti—

243 365 328 411 bus,
347 364 494 404 duabus
510 363 676 403 navibus
693 365 731 403 in
741 364 907 404 Africam
923 365 1121 405 traiecisse
1138 378 1223 405 sese
1239 366 1278 405 in
1295 366 1474 406 hostilem
1490 373 1646 415 terram,

242 422 387 472 regiam
419 421 458 459 in
489 420 605 459 fidem
635 420 874 472 inexpertam
886 453 894 468 ,
926 422 993 461 sed
1025 423 1236 473 potiundae
1262 423 1411 462 Africae
1438 436 1549 475 spem
1578 425 1646 464 ad-

173 485 210 517 11
241 478 467 516 sectantem:
498 477 574 516 hoc
601 489 689 516 eum
718 477 792 516 iam
820 478 969 529 pridem
998 479 1169 518 volutare
1191 479 1229 518 in
1249 479 1398 525 animo,
1425 479 1502 519 hoc
1521 481 1644 531 palam

241 534 417 579 fremere,
439 533 542 584 quod
564 545 658 581 non,
681 546 794 584 quem
816 535 862 573 ad
884 535 1045 573 modum
1068 535 1256 574 Hannibal
1277 536 1316 575 in
1337 535 1459 582 Italia,
1482 536 1539 575 sic
1560 537 1646 576 Sci-

173 596 213 628 12
242 589 306 640 pio
334 589 374 628 in
395 589 520 628 Africa
547 589 689 629 bellum
722 595 885 641 gereret.
932 591 1062 642 Scipio
1090 592 1243 630 foedere
1266 592 1342 631 icto
1365 604 1452 631 cum
1475 592 1648 644 Syphace

242 645 439 697 profectus
460 658 505 684 ex
526 645 670 693 Africa,
693 646 896 697 dubiisque
917 651 955 685 et
975 648 1206 699 plerumque
1228 649 1351 688 saevis
1371 649 1410 687 in
1432 649 1507 687 alto
1530 649 1648 688 iacta-

240 707 304 741 tus
325 703 448 741 ventis
471 702 532 740 die
553 707 689 753 quarto
711 715 836 742 novae
858 703 1096 754 Carthaginis
1119 710 1276 755 portum
1298 705 1433 744 tenuit.

360 758 568 809 Hispaniae
595 759 695 797 sicut
722 771 742 797 a
769 759 867 797 bello
889 759 1035 798 Punico
1066 760 1215 811 quietae
1236 766 1363 809 erant,
1391 762 1441 800 ita
1463 761 1647 812 quasdam

243 815 412 853 civitates
430 820 592 865 propter
609 814 885 854 conscientiam
904 815 1036 866 culpae
1053 821 1157 855 metu
1173 818 1295 868 magis
1313 830 1427 869 quam
1446 818 1522 856 fide
1539 818 1646 869 quie-

242 876 299 909 tas
321 884 408 909 esse
428 871 660 921 apparebat,
690 883 854 922 quarum
875 884 1055 910 maxume
1075 872 1246 923 insignes
1268 879 1305 913 et
1326 874 1592 924 magnitudine
1613 879 1651 913 et
1710 910 1717 911 a

193 936 212 968 2
241 939 341 966 noxa
371 927 516 977 Iliturgi
551 932 589 966 et
614 927 768 967 Castulo
805 933 924 967 erant.

981 928 1154 975 Castulo,
1190 942 1277 968 cum
1305 930 1505 982 prosperis
1532 930 1648 969 rebus

243 983 339 1032 socii
359 983 546 1028 fuissent,
576 988 667 1034 post
694 996 828 1023 caesos
850 997 937 1023 cum
958 985 1188 1024 exercitibus
1210 986 1412 1037 Scipiones
1434 987 1650 1025 defecerant

243 1040 289 1078 ad
311 1039 487 1087 Poen0s;
515 1040 744 1090 Iliturgitani
771 1041 1002 1091 prodendis,
1037 1041 1100 1092 qui
1129 1054 1173 1080 ex
1195 1042 1253 1081 illa
1275 1042 1379 1081 clade
1399 1043 1444 1082 ad
1467 1055 1535 1081 eos
1557 1055 1646 1093 per-

241 1096 432 1146 fugerant,
454 1096 807 1148 interficiendisque
829 1097 953 1136 scelus
974 1098 1085 1136 etiam
1109 1098 1314 1137 defectioni
1335 1099 1572 1138 addiderant.
1609 1099 1648 1138 in

244 1164 312 1190 eos
334 1152 503 1203 populos
522 1153 651 1203 primo
674 1154 855 1201 adventu,
890 1166 977 1192 cum
999 1154 1135 1193 dubiae
1157 1154 1367 1205 Hispaniae
1389 1160 1536 1201 essent,
1566 1168 1649 1194 me-

241 1208 315 1247 rito
352 1209 473 1259 magis
510 1222 625 1259 quam
662 1210 803 1249 utiliter
838 1211 1025 1249 saevitum
1060 1211 1178 1258 foret,
1214 1217 1306 1250 tunc
1333 1211 1407 1250 iam
1434 1211 1649 1263 tranquillis

243 1264 360 1303 rebus
390 1266 478 1315 quia
505 1270 661 1316 tempus
692 1266 925 1317 expetendae
951 1279 1100 1318 poenae
1127 1267 1329 1306 videbatur
1349 1268 1519 1314 venisse,
1548 1267 1649 1306 acci-

218 1327 322 1360 ‘tum
354 1321 401 1360 ab
434 1321 653 1361 Tarracone
684 1323 724 1361 L.
753 1322 937 1361 Marcium
969 1335 1057 1362 cum
1088 1323 1197 1362 tertia
1229 1329 1338 1375 parte
1370 1325 1570 1375 copiarum
1602 1324 1647 1363 ad

290 1488 442 1519 10—12.
468 1489 587 1521 relicta
597 1500 662 1532 pru,
679 1500 715 1521 es
733 1491 815 1521 wird
829 1501 911 1522 vor-

241 1538 452 1573 ausgesetzt,
476 1533 594 1565 Hasdr.
613 1535 728 1576 wisse,
744 1536 821 1566 dass
840 1536 908 1567 die-

243 1588 297 1609 ses
323 1579 411 1609 nicht
430 1578 510 1609 habe
527 1580 712 1618 geschehen
732 1578 861 1621 diii-fen,
881 1591 907 1611 s.

243 1635 270 1654 c.
295 1623 348 1659 42,
374 1623 426 1654 21.
442 1642 485 1645 —
501 1626 675 1656 traiecisse
691 1636 748 1665 sa,
767 1625 849 1656 eben
868 1636 905 1656 so

242 1667 355 1700 Valer.
377 1668 480 1700 Mam:
502 1679 601 1710 quam
620 1672 743 1702 temere
755 1681 792 1701 se
807 1671 907 1712 Afri-

242 1724 345 1745 canus
362 1731 406 1735 —
429 1713 474 1744 ad
487 1712 675 1756 Syphacem
694 1716 845 1754 traz'ecz'l3
871 1726 907 1746 es

241 1758 345 1789 heisst
363 1769 404 1788 zu
418 1761 559 1790 terram:
579 1770 616 1790 er
631 1760 678 1791 sei
693 1760 910 1800 iibergesetzt

240 1804 305 1834 und
322 1803 526 1843 gekommen,
545 1804 717 1846 zufidem:
740 1806 820 1836 habe
840 1805 907 1836 sich

243 1848 399 1888 begeben.
415 1867 459 1871 —
473 1851 605 1890 regiam
622 1850 666 1881 ist
680 1851 769 1881 viell.
785 1861 907 1881 voran-

241 1894 379 1933 gestellt
396 1904 446 1924 um
467 1895 524 1925 das
546 1894 776 1927 Unerwartete
792 1907 832 1926 zu
850 1895 907 1926 be-

241 1939 415 1978 zeichnen,
440 1938 471 1979 2,
501 1938 550 1979 18,
576 1938 613 1977 23
642 1940 692 1979 10,
711 1940 763 1979 34,
781 1940 799 1970 6
818 1951 849 1971 u.
868 1951 907 1981 a.,

240 1984 304 2014 und
321 1984 395 2014 weil
410 1984 462 2014 ein
478 1985 614 2015 zweites
628 1986 685 2016 das
697 1984 907 2017 Gefiihrliche

242 2029 450 2067 steigerndes
473 2029 625 2060 Attribut
645 2029 748 2069 folgt3
775 2031 908 2070 Madvig

244 2083 360 2104 verm:
386 2076 527 2113 terram,
546 2075 577 2104 7'71
598 2078 739 2115 reg-fam,
757 2075 908 2115 infidam

242 2122 305 2149 etc.
323 2136 368 2140 ——
388 2129 483 2160 spem
504 2118 646 2159 adfecta
672 2120 722 2150 die
748 2119 909 2159 Holsnung

242 2164 324 2202 hege
355 2164 418 2193 und
443 2174 483 2193 zu
512 2164 766 2195 verwirklichen
785 2165 908 2205 strebe,

242 2209 308 2247 vgl.
331 2207 390 2239 Ov.
410 2207 487 2239 Met.
503 2209 533 2247 5,
550 2207 612 2238 377
628 2221 635 2239 :
653 2220 731 2240 nam
751 2220 828 2252 spes
846 2209 907 2240 ad-

232 2254 349 2294 fectat
363 2253 512 2290 easdem,
529 2254 656 2284 'a'hnlich
671 2265 763 2297 spem
780 2258 909 2286 lentare

244 2309 270 2329 c.
295 2298 349 2337 33,
373 2298 410 2331 4:
437 2298 488 2335 33,
508 2299 560 2336 27,
580 2298 598 2328 3
617 2300 907 2339 u.a.,vgl.c.17,

249 2344 297 2374 10,
325 2361 367 2364 -
380 2343 480 2382 foed.
498 2346 578 2381 icto,
603 2345 685 2374 ohne
703 2345 755 2375 die
773 2350 907 2384 gesetz-

245 2389 348 2419 lichen
368 2388 622 2427 Formalitaten,
647 2400 674 2420 5.
700 2389 752 2428 27,
782 2390 832 2429 17,
857 2390 907 2420 17.

244 2452 287 2456 -
304 2433 423 2469 dubiis,
445 2434 643 2474 wechselnd,
662 2435 785 2466 unsta't.
803 2453 846 2457 —-
860 2437 908 2466 te-

244 2480 326 2512 nuit,
347 2478 399 2513 21,
419 2479 472 2518 49,
491 2479 520 2509 2.

295 2518 461 2555 Iti—⁰20.
489 2523 686 2564 Bestrafung
703 2534 765 2555 von
780 2523 911 2565 Iliturgi

247 2568 308 2598 nnd
325 2570 476 2607 Castulo,
498 2570 633 2610 Appian.
651 2569 732 2600 lber.
748 2569 809 2607 323
829 2569 911 2601 Zon.

246 2614 275 2645 tl,
298 2613 346 2643 lo.

1030 1489 1137 1521 1—2.
1163 1501 1184 1521 a
1200 1490 1281 1523 bello
1297 1509 1341 1514 —
1358 1493 1477 1533 qm‘et.,
1495 1502 1558 1523 von
1578 1492 1649 1524 Sei-

982 1539 1037 1566 ten
1057 1535 1114 1566 des
1133 1533 1292 1576 Rrieges;
1315 1536 1345 1575 2,
1365 1536 1422 1575 34,
1452 1537 1485 1567 1:
1512 1547 1589 1569 cum.
1605 1555 1649 1560 —

981 1581 1094 1622 quieta
1111 1583 1222 1612 omnia
1237 1592 1259 1612 a
1276 1581 1358 1613 bello
1373 1584 1500 1620 essen&
1521 1583 1549 1621 7,
1567 1582 1595 1621 1,
1612 1583 1646 1614 7:

978 1627 1019 1657 ab
1037 1625 1202 1657 seditione
1216 1629 1249 1657 et
1260 1637 1281 1657 α
1295 1626 1376 1658 hello
1391 1628 1511 1668 quletis
1525 1629 1646 1667 rebus3

980 1669 1032 1708 39,
1058 1670 1089 1709 2,
1114 1670 1201 1709 631,
1220 1671 1272 1710 31,
1291 1671 1327 1702 5:
1352 1674 1443 1713 quies
1459 1672 1587 1704 abello.
1603 1690 1648 1695 —

980 1714 1119 1756 Ile'tm’gc'
1145 1726 1171 1746 e.
1203 1715 1250 1756 C.,
1279 1715 1338 1756 26,
1366 1717 1423 1755 173
1455 1716 1507 1755 25,
1533 1716 1649 1748 36.—

977 1770 1173 1803 prosper—
1184 1762 1265 1800 Μὰ,
1282 1772 1343 1792 vor
1356 1762 1427 1793 dem
1439 1761 1648 1802 Unlergange

980 1805 1040 1836 der
1055 1806 1241 1847 Scipionen,
1256 1805 1309 1844 24,
1324 1806 1377 1846 41,
1388 1806 1417 1837 6.
1432 1808 1648 1848 —fm‘sseut‚

981 1851 1131 1892 synesis,
1158 1861 1184 1881 5.
1210 1862 1237 1883 c..
1262 1851 1316 1892 22,
1336 1850 1373 1890 23
1398 1851 1450 1890 23,
1480 1852 1530 1890 17,
1555 1852 1586 1884 4.
1604 1870 1649 1875 —

979 1895 1273 1938 interficiendisq„
1314 1896 1362 1927 sie
1395 1897 1565 1928 mordeten
1600 1897 1647 1929 sie

981 1941 1078 1972 theils
1098 1941 1218 1978 selbst7
1240 1941 1372 1972 Andere
1390 1943 1581 1973 verriethen
1601 1942 1648 1974 sie

980 1995 1019 2016 an
1039 1986 1090 2016 die
1109 1985 1247 2025 Punier,
1268 1985 1337 2017 Zur
1355 1987 1459 2018 Sache
1478 1997 1504 2018 s.
1523 1987 1576 2026 25,
1591 1986 1644 2025 32,

983 2030 1035 2061 10.
1060 2048 1104 2053 —
1125 2031 1245 2071 scelus,
1264 2031 1495 2071 absichtliche,
1521 2030 1646 2062 frevel-

979 2073 1067 2105 haste
1085 2075 1290 2115 Verletzung
1307 2076 1474 2116 Anderer,
1494 2076 1546 2116 23,
1566 2076 1595 2116 7,
1611 2075 1646 2107 3:

967 2120 1145 2160 facinora.

1027 2163 1137 2195 3—4.
1164 2167 1282 2196 merito
1300 2168 1430 2207 umgas,
1455 2170 1531 2204 etc,⁷
1552 2176 1648 2198 wenn

980 2219 1051 2240 man
1077 2209 1220 2249 sogleieh
1243 2210 1292 2241 bei
1311 2211 1370 2241 der
1389 2210 1537 2242 Ankunst
1556 2212 1647 2243 hatte

982 2259 1096 2293 streng
1119 2265 1224 2294 gagen
1249 2256 1298 2286 sie
1322 2254 1497 2287 verfahren
1516 2257 1648 2297 wollen,

981 2300 1094 2330 wiirde
1110 2301 1218 2331 dieses
1234 2301 1324 2331 mehr
1341 2301 1430 2332 ihrer
1443 2301 1575 2341 Schuld,
1593 2301 1647 2341 22,

981 2344 1032 2385 59,
1064 2345 1094 2382 3,
1116 2355 1331 2384 angemessen
1354 2346 1404 2377 als
1427 2364 1470 2368 —
1493 2356 1648 2386 gewesen

982 2391 1064 2420 sein.
1089 2392 1223 2431 met-ito,
1237 2391 1365 2422 utiliter
1378 2393 1541 2423 suet-[tum
1554 2392 1650 2431 soret

981 2435 1024 2465 151
1055 2435 1204 2474 bedingt,
1239 2436 1353 2466 niiml.:
1384 2446 1478 2467 wenn
1503 2446 1573 2467 man
1598 2437 1646 2467 sie

1680 820 1720 852 10

1680 1109 1718 1142 15

982 2480 1106 2510 damals
1126 2479 1386 2520 bestrafthiitte,
1410 2481 1474 2520 vgl.
1497 2481 1523 2520 1,
1547 2480 1596 2517 13,
1616 2480 1646 2512 3.
1701 2520 1704 2523 ὓ
1757 2511 1759 2514 ⁴

983 2543 1025 2547 —
1043 2527 1153 2566 ‘magis
1168 2526 1197 2556 in
1219 2527 1371 2556 hiiherem
1388 2525 1514 2564 Grade3
1533 2528 1647 2568 potius

983 2570 1097 2601 wiirde
1122 2572 1179 2601 das
1205 2571 1423 2610 νει-3110118118
1447 2571 1647 2602 ausschlies-

985 2626 1060 2653 sen,
1091 2626 1117 2646 s.
1147 2616 1177 2655 5,
1202 2615 1232 2654 3,
1252 2617 1289 2654 9,
1315 2615 1346 2656 6,
1373 2615 1424 2649 10.
1451 2616 1481 2647 9.
1507 2634 1549 2638 —-
1568 2618 1646 2647 tunc
