1784 2967
547 192 673 225 LIBER
697 192 840 226 XXVII.
889 194 980 227 CAP.
1011 194 1060 227 12.
1090 195 1140 228 13.

126 209 153 228 a.
171 202 224 229 Ch.
241 202 302 228 209.
1482 198 1533 236 37

62 288 73 298 ”
126 297 250 336 cidere
270 295 309 334 in
331 308 460 346 pugna
488 297 659 348 suyaque
681 295 725 334 ad
756 295 831 334 duo
854 296 969 335 millia
993 302 1030 336 et
1049 298 1281 349 septingenti
1303 298 1441 337 civium
1465 311 1533 337 so-

125 354 371 403 ciorumque3
392 353 430 391 in
454 352 499 391 iis
523 358 706 403 quattuor
721 351 889 391 Romani
912 354 1173 401 centuriones,
1196 355 1272 394 duo
1294 355 1439 396 tribuni
1457 356 1531 393 mi-

124 409 245 456 litum,
266 409 313 447 M.
335 409 504 448 Licinius
527 414 564 447 et
583 409 630 447 M.
655 408 820 447 Helvius
863 408 971 459 signa
995 410 1167 450 militaria
1191 416 1374 462 quattuor
1395 412 1440 451 de
1462 412 1528 459 ala,

125 466 248 516 prima
271 478 367 516 quae
386 465 495 516 fugit,
518 466 593 504 duo
616 464 661 503 de
681 465 848 515 legione,
870 478 966 516 quae
988 467 1210 506 cedentibus
1234 468 1351 507 sociis
1374 481 1533 508 succes-

125 528 240 569 serat,
263 522 418 561 amissa.

236 578 454 625 Marcellus,
475 583 683 628 postquam
706 577 744 615 in
767 582 890 616 castra
912 578 1078 617 reditum
1101 584 1170 625 est,
1193 581 1414 619 contionem
1437 581 1531 620 adeo

124 647 275 674 saevam
304 639 417 685 atque
439 634 617 673 acerbam
645 634 747 685 apud
771 634 910 673 milites
932 635 1085 681 habuit,
1107 640 1149 674 ut
1170 637 1316 686 proelio
1339 650 1409 688 per
1431 637 1531 676 diem

122 697 246 730 totum
270 691 467 730 infeliciter
486 690 649 729 tolerato
672 691 821 729 tristior
842 690 887 730 iis
910 691 995 730 irati
1017 692 1124 730 ducis
1149 692 1272 731 oratio
1292 699 1406 732 esset.
1439 694 1532 739 „dis

121 747 424 794 immortalibus,
447 752 489 786 ut
509 747 548 785 in
570 747 632 786 tali
654 760 706 794 re,
729 747 860 786 laudes
883 752 1122 799 gratesque“
1145 748 1269 799 inquit
1289 762 1404 800 „ago,
1428 751 1531 799 quod

122 807 243 843 victor
278 803 403 843 hostis
441 803 527 843 cum
565 808 672 842 tanto
710 816 851 855 pavore
887 805 1148 844 incidentibus
1186 805 1293 843 vobis
1322 806 1361 844 in
1391 806 1531 844 vallum

120 866 331 911 portasque
358 872 439 899 non
468 860 550 911 ipsa
578 865 703 899 castra
721 866 780 898 est
800 861 1028 910 adgressus:
1059 861 1329 900 deseruissetis
1353 863 1530 913 profecto

119 917 256 956 eodem
277 922 426 956 terrore
448 922 585 964 castra,
608 929 684 967 quo
709 917 897 955 omisistis
920 930 1100 968 pugnam.
1143 918 1205 968 qui
1229 931 1348 969 pavor
1369 919 1441 966 hic,
1464 919 1527 969 qui

119 979 256 1020 terror,
279 986 376 1024 quae
398 979 568 1024 repente,
598 974 662 1024 qui
685 978 722 1012 et
744 986 831 1012 cum
854 974 993 1024 quibus
1017 975 1261 1025 pugnaretis,
1286 975 1423 1013 oblivio
1447 975 1530 1013 ani-

120 1042 207 1069 mos
231 1028 359 1080 cepit?
391 1042 531 1081 nempe
555 1030 655 1068 idem
678 1035 768 1068 sunt
789 1030 828 1068 hi
850 1031 996 1077 hostes,
1019 1043 1116 1081 quos
1139 1031 1328 1069 vincendo
1351 1036 1388 1069 et
1408 1032 1529 1069 victos

121 1087 319 1137 sequendo
343 1086 513 1137 priorem
536 1091 720 1125 aestatem
742 1086 1031 1137 absumpsistis,
1054 1086 1194 1137 quibus
1217 1087 1297 1126 dies
1315 1092 1530 1139 noctesque

118 1142 353 1193 fugientibus
375 1154 444 1193 per
460 1143 533 1181 hos
552 1142 632 1181 dies
650 1142 859 1188 institistis,
877 1155 975 1193 quos
992 1143 1136 1181 levibus
1155 1144 1310 1193 proeliis
1328 1144 1529 1194 fatigastis,

120 1211 218 1249 quos
240 1199 423 1237 hesterno
455 1199 514 1237 die
543 1211 616 1237 nec
642 1199 715 1237 iter
741 1199 867 1237 facere
888 1211 960 1238 nec
982 1205 1104 1238 castra
1129 1212 1273 1250 ponere
1295 1201 1399 1250 passi
1423 1201 1529 1238 estis.

120 1256 257 1294 omitto
286 1268 347 1301 ea,
384 1255 524 1306 quibus
554 1255 709 1304 gloriari
739 1255 923 1306 potestis,
960 1256 1067 1294 cuius
1097 1262 1134 1294 et
1160 1256 1285 1306 ipsius
1314 1257 1457 1307 pudere
1484 1269 1528 1295 ac

117 1311 314 1362 paenitere
335 1324 403 1349 vos
428 1316 595 1361 oportet,
617 1311 802 1349 referam:
824 1323 967 1362 nempe
988 1313 1120 1363 aequis
1143 1313 1323 1351 manibus
1347 1314 1527 1351 hesterno

119 1367 180 1406 die
211 1367 421 1406 diremistis
450 1379 633 1418 pugnam.
681 1367 771 1418 quid
800 1368 894 1407 haec
919 1380 1017 1415 nox,
1056 1368 1146 1419 quid
1176 1369 1237 1407 hic
1266 1370 1345 1407 dies
1374 1368 1527 1408 attulit?

118 1429 266 1463 vestrae
290 1424 335 1462 iis
359 1424 492 1475 copiae
511 1423 725 1462 inminutae
753 1429 862 1471 sunt,
885 1437 933 1463 an
954 1425 1105 1463 illorum
1129 1423 1290 1464 auctae?
1319 1438 1399 1464 non
1420 1426 1529 1476 equi-

860 1547 920 1578 pen
945 1536 1009 1567 wie
1034 1537 1075 1567 im
1100 1537 1238 1577 vorigen
1261 1537 1378 1577 Jahre,
1405 1548 1430 1568 s.
1452 1548 1479 1568 c.
1499 1537 1529 1576 7,

862 1581 920 1620 113
951 1582 1032 1613 doeh
1064 1581 1146 1612 wird
1177 1593 1203 1613 c.
1229 1582 1248 1612 2
1273 1583 1325 1613 die
1348 1587 1439 1613 erste
1463 1583 1530 1613 und

117 1537 237 1569 locum.
260 1553 305 1558 —
327 1535 468 1577 dabant,
486 1537 576 1567 acies
594 1536 638 1566 ist
657 1534 786 1566 Collec-

117 1582 231 1614 tivum.
249 1600 293 1603 —
310 1581 355 1613 ad
369 1584 465 1624 sept„
485 1581 515 1620 3,
538 1580 588 1621 15,
608 1581 643 1618 53
664 1580 717 1619 28,
733 1580 785 1620 34,

117 1627 148 1658 2.
171 1645 215 1649 —
239 1627 346 1665 iniis,
365 1626 418 1665 22,
437 1626 490 1665 49,
511 1625 567 1663 153
590 1626 640 1665 10,
659 1625 713 1665 20,
735 1625 785 1656 15.

115 1690 159 1695 -—
177 1671 322 1703 Romam·
338 1674 434 1711 cent„
448 1672 511 1702 wie
525 1671 617 1713 plebs
631 1670 787 1702 Romana

116 1728 148 1748 u.
173 1726 220 1755 a.,
244 1717 297 1747 die
322 1716 487 1747 Cohorten
512 1717 571 1747 der
594 1716 786 1755 Bundesge-

118 1772 238 1792 nossen
258 1761 361 1792 haben
382 1759 589 1798 Praefecten,
609 1761 661 1797 25,
681 1761 731 1799 14,
746 1760 784 1798 43

116 1807 196 1838 aber
214 1806 279 1836 wol
302 1807 383 1837 auch
404 1804 639 1836 Befehlshaber
657 1805 785 1835 kleine-

118 1862 173 1883 rer
187 1851 440 1890 Abtlieilungen.
454 1868 497 1872 —
511 1852 620 1891 signa,
636 1850 707 1880 bier
721 1860 784 1880 von

117 1898 177 1929 deu
202 1896 335 1928 Falinen
366 1897 425 1927 der
449 1895 613 1926 Cohorten
645 1895 704 1925 der
732 1894 784 1925 ala

117 1943 181 1973 und
216 1942 275 1972 der
310 1943 390 1972 riim.
421 1940 563 1982 Manipel
593 1940 785 1980 gebraucffl,

117 1999 144 2018 c.
167 1986 217 2026 13,
236 1987 265 2017 7.
280 2005 325 2009 —-
338 1988 449 2029 prima
467 1996 561 2026 quae,
580 1995 606 2015 s.
626 1995 652 2016 c.
672 1984 702 2024 8,
725 1984 784 2023 16;

120 2033 171 2072 11,
191 2032 228 2071 7;
248 2031 302 2072 42,
324 2031 374 2071 11,
393 2031 430 2062 2:
455 2030 786 2071 beneficia-ingentia

117 2087 217 2119 quae,
243 2076 296 2116 45,
318 2076 365 2117 18,
386 2076 421 2107 2:
445 2078 479 2107 in
496 2075 650 2107 libertate
664 2077 785 2115 gentes

117 2133 200 2164 quae
217 2125 338 2153 essent.

167 2204 233 2243 13.
264 2210 370 2241 1-4.
397 2221 543 2249 saevam,
564 2220 589 2241 s.
609 2221 636 2241 c.
656 2209 709 2249 34,
728 2209 783 2240 14:

115 2258 309 2299 parentium
322 2258 512 2293 saerz'ti0m3
532 2255 562 2295 2,
579 2254 630 2294 58,
646 2257 683 2293 63
703 2255 783 2286 Tac.

118 2303 202 2332 Anu.
226 2301 252 2341 1,
271 2300 306 2331 6:
324 2301 614 2342 mulla-saeraque
628 2303 783 2342 quesi‘us3

116 2347 159 2377 ib.
179 2346 210 2386 2,
229 2345 288 2376 23.·
306 2346 666 2378 saera-clamitarent:
694 2347 784 2376 nicht

118 2392 283 2423 schonend
295 2401 303 2429 3
316 2391 552 2429 wehetliuend3
567 2392 687 2422 acerba
695 2391 783 2421 beis-

118 2437 209 2475 send,
228 2437 294 2476 vgl.
314 2436 367 2475 28,
383 2437 435 2473 29,
452 2438 481 2467 5.
495 2454 538 2458 —
552 2436 784 2466 αἰ11θεςὴνὲὶη-

117 2481 220 2519 kend,
250 2482 289 2512 da
320 2483 400 2512 noch
430 2483 605 2521 griisseres
637 2480 785 2520 Ungliick

118 2527 209 2558 h‘atte
234 2528 399 2558 eintreten
423 2527 572 2563 konnen,
602 2544 646 2548 —
668 2525 784 2557 laudes

116 2582 191 2613 gr„
216 2572 269 2611 26,
288 2571 341 2611 48,
362 2571 391 2603 3.
410 2573 580 2615 —prz'ore
597 2574 690 2611 aest„
710 2572 786 2602 dar-

120 2618 200 2648 nach
217 2618 273 2648 hat
290 2617 470 2648 Marcellus
490 2616 657 2648 dieselben
676 2615 784 2657 Trup-

859 1627 971 1665 dritte,
991 1627 1138 1667 dagegen
1158 1637 1185 1658 c.
1208 1626 1258 1665 12,
1276 1627 1315 1657 14
1329 1638 1359 1658 u.
1378 1627 1428 1668 14,
1445 1626 1463 1657 3
1478 1628 1529 1658 die

862 1671 913 1703 18.
938 1672 1003 1702 und
1029 1672 1081 1703 20.
1101 1672 1226 1711 Legion
1251 1673 1420 1712 erwiibnt,
1444 1673 1529 1703 viel-

858 1717 960 1748 leicht
978 1718 1058 1747 nach
1077 1717 1172 1748 einer
1188 1717 1333 1748 anderen
1349 1717 1466 1759 Quelle
1479 1717 1529 1748 als

860 1772 886 1793 c.
906 1761 944 1799 23
971 1762 1052 1792 oder
1069 1772 1104 1792 es
1124 1763 1168 1793 ist
1184 1763 1427 1800 anzunehmen,
1452 1763 1528 1793 dass

859 1807 911 1837 die
931 1806 1098 1846 Legionen
1124 1807 1156 1837 in
1181 1808 1241 1837 den
1262 1807 1433 1837 einzelnen
1452 1807 1530 1837 Jah-

860 1862 917 1882 ren
942 1851 1180 1882 verschiedene
1205 1851 1381 1883 Nummern
1407 1851 1529 1891 gehabt

859 1896 975 1935 haben,
993 1896 1058 1936 vgl.
1079 1907 1105 1926 c.
1127 1895 1179 1935 38,
1203 1896 1253 1928 10.

905 1940 1015 1971 5—8.
1042 1942 1361 1982 onusto—referam,
1385 1941 1433 1972 ich
1458 1941 1528 1972 will

857 1986 1062 2026 iibergehen,
1086 2005 1129 2008 —
1153 1987 1301 2026 dagegen
1320 1986 1389 2016 will
1407 1987 1455 2017 ich
1476 1991 1527 2017 et-

857 2041 927 2062 was
945 2032 1142 2070 erw'a'hnen,
1161 2032 1280 2062 dessen
1299 2032 1349 2062 ihr
1367 2032 1458 2070 euch,
1477 2032 1526 2062 als

856 2076 988 2115 Riinier,
1009 2086 1034 2107 s.
1055 2076 1084 2113 9,
1104 2076 1157 2113 24,
1173 2075 1203 2115 8,
1222 2077 1260 2107 da
1279 2077 1329 2107 ilir
1346 2081 1445 2107 unter
1459 2077 1528 2107 die-

858 2132 915 2152 sen
927 2120 1126 2153 Umstiinden
1144 2121 1370 2161 hattetsiegen
1382 2122 1526 2160 iniissen,

856 2167 920 2197 und
947 2167 977 2196 in
996 2165 1173 2205 Vergleich
1198 2167 1256 2197 mit
1273 2177 1393 2197 eueren
1413 2165 1529 2196 friihe-

858 2222 916 2242 ren
941 2211 1069 2242 Thaten
1094 2210 1297 2252 gleichl'ulls,
1328 2211 1451 2241 eberiso
1478 2212 1529 2249 (et

857 2257 957 2299 ipsa),
996 2256 1058 2286 wie
1089 2257 1148 2286 der
1178 2256 1331 2295 beutigen
1361 2256 1527 2294 Selilacht,

858 2302 1009 2333 scliiimen
1030 2301 1152 2340 miisst,
1177 2302 1233 2331 das
1252 2301 1333 2331 aber
1350 2302 1431 2331 doch
1457 2311 1527 2331 we-

858 2347 951 2386 niger
970 2346 1165 2387 scliimpssich
1181 2346 1224 2376 ist
1236 2346 1285 2376 als
1301 2356 1379 2375 cure
1396 2345 1524 2376 Flucht.

860 2392 917 2423 Die
937 2392 1089 2428 Stellung
1114 2391 1172 2421 der
1190 2390 1311 2421 &Verte
1336 2391 1524 2421 cliiastisch.

857 2455 901 2459 -—
917 2438 1029 2477 aequis
1045 2447 1100 2473 m„
1117 2446 1141 2466 S.
1158 2446 1184 2466 c.
1204 2435 1254 2473 12,
1272 2436 1325 2471 1ος
1347 2435 1377 2473 2,
1396 2436 1448 2473 40,
1468 2436 1521 2466 14ι

857 2492 962 2523 aequo
978 2481 1091 2513 Marte
1110 2480 1312 2517 (le‘.5‹²e.s·.s'[l7!1;
1330 2480 1410 2512 Sall.
1427 2480 1460 2511 C.
1472 2480 1523 2520 39,

857 2528 893 2558 4:
913 2528 1069 2568 ,si—aequa
1081 2536 1183 2556 manu
1196 2526 1425 2563 discessissem
1444 2525 1471 2556 T
1474 2535 1523 2556 ac.

858 2573 943 2602 Anu.
965 2572 992 2611 1,
1013 2572 1070 2601 63:
1089 2573 1245 2602 manibus
1263 2572 1378 2612 aequis
1392 2572 1524 2601 absces-

857 2627 944 2648 sum.
957 2635 1000 2639 —
1015 2617 1139 2659 copiae,
1161 2616 1269 2647 Mitte!
1288 2626 1328 2647 an
1348 2613 1444 2647 Hraft
1459 2617 1523 2646 und

1561 419 1600 450 17

1563 581 1615 620 13
