1784 2967
52 792 90 824 10

44 1076 83 1107 15

135 192 159 209 a.
177 185 230 211 Ch.
248 187 308 212 215.

133 282 197 316 aut
221 278 336 331 fugit:
367 287 516 324 tantum
544 287 616 327 illis
644 290 682 329 in
712 291 850 334 virtute
878 308 921 335 ac
948 298 1022 338 fide

592 186 718 221 LIBER
736 189 862 224 XXIV.
897 193 990 228 CAP.
1009 197 1038 230 5.
1059 199 1089 231 6.

1490 213 1537 252 15

1045 300 1235 344 Theodoti
1264 307 1426 350 fiduciae
1452 312 1536 361 fuit,

130 339 356 389 tantumque
377 339 452 391 ipsi
476 342 678 385 Theodoto
700 349 836 390 virium
859 353 905 392 ad
928 367 1065 397 arcana
1087 362 1320 404 occultanda.

242 392 317 442 Ita,
353 398 455 447 quod
488 412 609 441 unum
644 404 837 446 vinculum

129 447 332 490 Thrasone
360 454 509 495 sublato
538 470 558 496 e
586 461 712 500 medio
741 470 862 504 extem

873 422 960 450 cum
994 413 1180 457 Romanis
1215 421 1410 463 societatis
1441 432 1532 473 erat,
1563 436 1587 473 6

868 467 931 517 plo
955 468 1053 509 haud
1078 472 1189 513 dubie
1213 478 1259 516 ad
1278 479 1530 522 defectionem

127 515 188 543 res
217 509 430 558 spectabat3
461 512 650 567 legatique
679 519 723 557 ad
746 520 996 564 Hannibalem
1024 528 1135 569 missi
1163 545 1206 571 ac
1232 537 1385 576 remissi
1412 539 1457 578 ab
1485 553 1529 579 eo
1560 551 1579 583 2

127 573 213 600 cum
235 563 445 606 Hannibale
471 571 589 610 nobili
617 574 858 618 adulescente
881 580 1135 634 Hippocrates
1158 594 1195 628 et
1214 590 1422 644 Epicydes,
1450 598 1530 636 nati

124 616 362 671 Carthagine,
383 625 449 663 sed
468 627 621 669 oriundi
637 632 683 670 ab
702 633 901 685 Syracusis
921 640 1029 679 exule
1045 655 1128 691 aVO,
1151 645 1271 686 Poeni
1289 648 1364 700 ipsi
1383 658 1527 693 mater-

123 685 174 712 no
201 688 350 726 genere.
392 693 461 732 per
488 683 560 723 hos
582 686 710 728 iuncta
732 692 896 733 societas
919 695 1118 739 Hannibali

1141 715 1183 741 ao
1204 703 1445 755 Syracusano
1468 716 1525 762 ty—

122 743 264 781 ranno;
286 747 357 775 nec
376 737 492 778 invito
516 741 726 785 Hannibale
746 750 846 800 apud
868 756 1075 803 tyrannum
1098 768 1336 802 manserunt.
1379 766 1526 817 Appius

121 786 299 830 Claudius
321 800 495 844 praetor,
520 799 628 839 cuius
650 802 773 843 Sicilia
796 809 991 857 provincia
1014 819 1109 861 erat,

1131 816 1194 855 ubi
1217 831 1257 857 ea
1279 822 1435 873 accepit,
1459 836 1525 863 ex-

116 847 262 897 templo
289 848 434 901 legatos
463 855 508 893 ad
530 856 806 912 Hieronymum
837 865 953 905 misit.
1003 870 1065 920 qui
1096 884 1181 911 cum
1216 888 1302 915 sese
1329 879 1373 917 ad
1401 892 1524 920 reno-

115 903 274 943 vandam
298 909 534 960 societatem,
557 926 653 965 quae
674 929 761 956 cum
784 932 853 959 avo
878 922 1028 973 fuisset,
1057 929 1209 969 venisse
1236 932 1424 984 dicerent,
1453 950 1523 988 per

113 957 323 1001 ludibrium
345 966 462 1005 auditi
485 968 711 1023 dimissique
733 984 824 1015 sunt
844 978 889 1017 ab
912 990 1119 1031 quaerente
1140 999 1210 1036 per
1229 989 1359 1030 iocum
1381 993 1519 1033 Hiero-

114 1025 251 1066 nymo,
275 1031 371 1070 quae
391 1022 545 1064 fortuna
568 1028 621 1066 eis
642 1042 793 1081 pugnae
814 1035 860 1073 ad
882 1036 1028 1077 Cannas
1050 1041 1211 1083 fuisset:
1244 1046 1303 1085 vix
1325 1050 1518 1091 credibilia

114 1072 216 1111 enim
243 1074 388 1126 legatos
411 1079 632 1123 Hannibalis
660 1099 815 1128 narrare

112 1140 174 1176 eo,
197 1135 326 1171 utram
348 1147 456 1185 spem

108 1183 318 1235 legationes
346 1192 477 1232 audire

106 1433 174 1465 sich
192 1437 389 1479 verborgen.
405 1446 601 1486 *l(zntnm,
621 1459 647 1479 s.
663 1451 766 1491 praef.

108 1478 159 1510 11.
173 1498 218 1503 -—
234 1485 356 1516 viri-um
374 1487 445 1518 hier
462 1489 659 1525 besonders:
681 1495 767 1528 Wil-

103 1523 310 1568 mussan-ke,
342 1532 489 1572 obgleicl]
520 1539 600 1569 auch
631 1541 695 1571 wol
725 1552 763 1574 an

103 1569 154 1600 die
179 1570 390 1615 kb'rperliche
414 1577 511 1612 Hraft
534 1582 585 1614 bei
616 1586 675 1617 der
699 1587 762 1618 Er-

100 1618 241 1658 tragung
263 1620 322 1652 der
345 1621 469 1664 Qualem
496 1627 555 1659 der
572 1628 698 1663 Tortur
722 1644 762 1664 zu

99 1660 226 1693 denken
245 1664 300 1696 ist.

143 1699 183 1738 6.
211 1708 237 1739 l.
264 1712 360 1752 quod,
379 1724 404 1744 s.
425 1714 462 1747 Z.
480 1716 500 1758 ξ
515 1718 590 1750 372.
616 1721 760 1754 DerRe-

96 1749 253 1785 lativsatz
284 1757 327 1787 ist
354 1759 403 1790 als
433 1761 490 1793 das
521 1763 759 1800 bedeutendste

96 1794 241 1829 Moment
259 1807 510 1847 vorangestellt,
529 1818 554 1839 s.
575 1820 602 1840 c.
623 1811 675 1849 22,
698 1813 756 1853 143

98 1839 760 1899 1,1,3;Cic.verr.3,1s‚47:quocl

93 1890 194 1928 caput
206 1891 259 1919 est
275 1893 327 1921 rez'
335 1893 598 1940 srtmtentarlae,
617 1911 757 1946 campus

91 1929 343 1966 Leontinus.—
357 1943 439 1979 erat,
456 1941 638 1987 iiberliaupt
652 1947 681 1978 in
697 1949 756 1980 der

91 1974 374 2023 Vergangenheit,
401 1985 448 2016 bis
473 1997 513 2018 zu
538 1990 650 2022 seiner
672 1993 752 2025 Hiu—

88 2021 252 2064 ricbtung,
273 2026 353 2059 hielt
370 2039 407 2060 er
425 2031 655 2068 dasssiindniss
674 2037 750 2071 fest.

86 2082 130 2089 —-
147 2071 316 2113 extemplo
340 2076 421 2106 nach
446 2077 517 2110 dem
541 2080 605 2113 abl.
633 2083 702 2116 abs.
723 2095 748 2117 s.

86 2110 138 2146 23,
156 2112 207 2154 23,
224 2114 260 2154 73
280 2116 310 2156 4,
330 2117 359 2159 6,
379 2120 398 2150 9
416 2131 447 2153 u.
466 2133 494 2155 a.
508 2142 552 2148 —-
566 2130 748 2171 spectabat,

85 2165 111 2186 s.
131 2156 183 2197 23,
202 2159 231 2199 6,
250 2160 281 2192 4.

129 2201 228 2234 2—3.
259 2211 408 2250 remissi,
439 2213 505 2253 vgl.
524 2214 640 2259 Polyb.
661 2230 689 2251 c.
710 2220 745 2252 2:

84 2247 234 2291 σπουὸῆ
251 2248 366 2286 πάλιν
379 2252 583 2303 ἀπέπεμψε
611 2263 746 2302 (Hanni-

81 2291 144 2330 bal)
162 2291 245 2330 τοὺς
258 2298 438 2342 πρέσβεις,
459 2302 526 2336 σὺν
543 2304 583 2339 δὲ
601 2307 744 2347 τούτοις

81 2333 251 2380 Ἀννίβαν
277 2347 338 2374 etc.
366 2364 409 2368 —
437 2352 511 2381 ηαέί
536 2370 580 2375 ——-
606 2364 742 2396 genere,

80 2382 256 2417 chiastiseh
273 2390 450 2432 geordnet,
475 2397 574 2429 eatule
590 2409 652 2431 aro
672 2402 742 2441 (der

79 2426 129 2458 ein
156 2428 387 2471 Syracusaner
409 2440 489 2479 war)
516 2443 645 2477 erkliirt
668 2448 740 2479 orr'-

77 2472 162 2504 unda·
175 2484 196 2506 a
211 2474 310 2519 Syr.,·
332 2481 413 2524 ipsi,
439 2484 509 2516 dem
535 2498 597 2520 avo
615 2500 738 2531 gegen-

76 2516 306 2564 iibergestellt,
335 2527 414 2566 geht
441 2529 501 2560 auf
522 2537 597 2566 nati
623 2535 735 2570 Carth.

75 2563 210 2596 zuriick.
243 2585 288 2591 —-
318 2573 471 2615 societas,
507 2579 585 2620 nach
618 2580 734 2625 Polyb.

74 2617 153 2639 nur:
185 2606 322 2650 εὐθέως
338 2614 486 2662 ’ἕτοιμος
504 2623 546 2662 ἠν
564 2621 733 2670 (Ἱερώνυ-

825 1105 832 1137 ;
864 1093 955 1132 velle
978 1096 1067 1146 quid
1092 1099 1168 1137 veri
1192 1101 1242 1140 sit
1263 1104 1380 1151 scire,
1409 1113 1451 1146 ut
1472 1121 1516 1148 ex

481 1146 674 1190 sequatur,
698 1146 902 1187 consilium
926 1152 1059 1202 capiat.
1100 1155 1278 1205 Romani,
1303 1174 1390 1201 cum
1414 1165 1513 1203 serio

505 1198 714 1248 coepisset,
743 1203 935 1245 redituros
965 1221 1005 1247 se
1033 1211 1078 1249 ad
1108 1225 1195 1252 eum
1223 1216 1393 1259 dicentes
1415 1234 1512 1269 esse,

107 1242 257 1282 monito
280 1248 400 1297 magis
423 1262 468 1288 eo
492 1264 605 1303 quam
628 1263 783 1307 rogato,
810 1273 858 1300 ne
880 1263 993 1303 fidem

108 1297 315 1341 ciscuntur.
357 1304 617 1360 Hieronymus
644 1313 786 1364 legatos

1016 1272 1160 1308 temere
1183 1280 1366 1322 mutaret,
1389 1279 1510 1327 profi-

811 1318 1075 1372 Carthaginem
1104 1327 1210 1367 misit
1237 1331 1283 1369 ad
1304 1332 1444 1374 foedus
1466 1349 1510 1375 ex

840 1458 922 1498 μσς)
942 1464 1418 1508 κοινωνεῖνΚαρχηδονίοις
1434 1472 1507 1506 τῶν

841 1501 1085 1547 πραγμάτων.
1134 1509 1329 1555 Hannibali,
1361 1526 1382 1546 a
1414 1517 1504 1549 hatte

839 1546 909 1578 hier
934 1550 1022 1582 nicht
1047 1554 1161 1585 stelien
1188 1555 1330 1590 ko'nnen.
1382 1560 1505 1594 Hanni-

838 1590 888 1623 bal
915 1594 959 1626 ist
983 1597 1042 1627 der
1065 1598 1228 1632 Feldlierr
1252 1603 1281 1634 in
1306 1603 1444 1649 Italien,
1476 1620 1502 1641 s.

882 1684 979 1717 4—6.
998 1692 1192 1732 renovanti„
1212 1694 1273 1725 wie
1291 1699 1498 1735 gewo'hnlich

834 1728 892 1759 mit
915 1730 976 1762 den
1001 1732 1223 1777 Nacbfolgern
1248 1750 1311 1772 von
1336 1740 1498 1785 Ho'nigem

833 1773 871 1803 da
891 1775 981 1807 diese
1008 1789 1069 1809 nur
1086 1778 1139 1812 fiir
1156 1783 1225 1815 ilire
1245 1784 1369 1818 Person
1389 1789 1497 1821 Biind-

832 1818 920 1850 nisse
951 1821 1121 1861 eiugelien.
1146 1846 1191 1851 —
1215 1831 1257 1861 ab
1285 1843 1401 1873 quaer.
1432 1841 1495 1867 etc.

831 1864 921 1896 nieht
946 1867 1087 1901 einlaeli:
1118 1882 1180 1904 von
1206 1875 1277 1907 dem
1301 1875 1492 1920 fragenden,

830 1910 987 1943 sondern:
1005 1919 1113 1954 unter,
1132 1919 1191 1950 mit
1208 1920 1267 1951 der
1286 1922 1405 1965 Frage,
1424 1926 1489 1966 vgl.

832 1954 856 1994 1,
875 1955 952 1995 9,5;
973 1957 1025 1998 23,
1046 1961 1074 1999 b‘,
1098 1962 1124 1993 1.
1144 1982 1188 1987 ——
1205 1967 1284 2006 quid
1299 1971 1372 2001 veri
1395 1982 1436 2011 3.,
1461 1982 1487 2003 s.

828 1998 881 2038 22,
897 2001 949 2042 61,
969 2003 1022 2035 10:
1042 2007 1124 2047 quid.
1138 2012 1209 2041 veri
1224 2013 1270 2043 sit
1282 2012 1474 2048 discernere
1486 2029 1496 2055 ,·

826 2043 868 2075 ib.
887 2045 938 2088 40,
959 2048 989 2079 S.
1016 2050 1075 2082 Die
1095 2063 1156 2084 von
1176 2055 1292 2099 Polyb.
1311 2059 1490 2101 angefiihr-

824 2093 879 2121 ten
910 2092 1149 2130 Beschwerden
1180 2101 1238 2133 des
1269 2103 1489 2149 Hieronymus

822 2134 905 2167 iiber
922 2138 973 2170 die
991 2139 1110 2174 Romer
1128 2145 1198 2177 sind
1217 2148 1486 2192 iibcrgangen.—

821 2190 929 2224 spem,
956 2186 1080 2219 welche
1099 2189 1155 2221 das
1175 2192 1247 2224 eine
1267 2196 1347 2227 oder
1363 2198 1484 2229 andere

820 2225 981 2261 Biindniss
999 2234 1172 2276 gewssihrez
1204 2240 1346 2272 anderes
1370 2242 1486 2285 Polyb.

819 2268 952 2306 ἐάσατε
974 2293 1020 2300 —
1041 2276 1135 2322 κάμὲ
1158 2282 1224 2315 νῦν
1240 2303 1285 2308 —
1301 2284 1483 2330 διαφυλά-

817 2316 872 2352 ξαι
904 2317 968 2360 τὴν
987 2318 1103 2365 ἀρχὴν
1121 2327 1478 2375 παλινδρομήσαντα

816 2358 911 2437 goos<
928 2362 992 2402 τὰς
1009 2368 1359 2416 τῶνΚαρχηδονίων
1376 2376 1478 2409 ἐλπί-

841 2418 893 2443 ας.

861 2453 890 2485 7.
904 2456 1054 2498 foedus,
1080 2471 1153 2493 vom
1178 2463 1280 2496 Senat
1308 2468 1372 2498 und
1392 2467 1478 2501 Volk

812 2496 843 2528 in
863 2498 1026 2543 Carthago
1046 2506 1151 2538 selbst
1169 2509 1247 2549 soll,
1267 2513 1396 2550 gemiiss
1415 2515 1476 2546 den

811 2542 1044 2588 Bedingungen
1076 2551 1106 2582 in
1138 2553 1209 2584 dem
1235 2557 1293 2587 mit
1317 2557 1476 2592 Hannibal

809 2590 1051 2625 vei-abredeten
1071 2595 1248 2641 Vertrage‚
1276 2601 1326 2633 ein
1351 2602 1478 2636 fiii-mli-

809 2634 885 2666 cbes
913 2637 1074 2672 Biiudniss
1104 2642 1359 2683 abgeschlossen
1387 2660 1474 2681 wer-

1557 719 1575 751 3

1556 778 1576 809 4
