1784 2967
42 839 82 872 10

40 1119 79 1151 15

36 1399 79 1431 20

114 239 140 259 ι.
157 232 211 259 Oh.
226 233 287 258 203.

530 223 658 257 LIBER
682 223 798 257 XXX.
847 224 939 258 CAP.
969 226 1021 259 19.
1046 225 1101 258 20.

1440 229 1520 269 365

111 325 150 365 id
171 326 381 378 ignoraret,
408 326 587 365 tribunus
609 325 731 377 plebis
752 330 866 377 atque
893 327 1022 366 aedilis
1052 328 1175 379 plebis
1204 306 1522 379 fuisset,'contra

113 394 229 433 quam
250 387 428 421 sanctum
449 382 594 433 legibus
616 387 707 421 erat.
744 383 816 422 hac
836 384 1036 434 rogatione
1056 386 1201 436 perlata
1222 386 1260 424 in
1281 386 1519 436 provinciam

112 439 235 478 rediit.

225 496 281 534 Ad
303 495 370 535 Cn.
395 497 599 536 Servilium
620 497 837 544 consulem,
866 497 931 548 qui
953 498 990 537 in
1011 498 1169 538 Bruttiis
1191 503 1286 546 erat,
1314 499 1522 539 Consentia

64 560 83 591 5
113 552 307 603 Aufugum
335 553 480 603 Bergae
509 553 680 592 Besidiae
712 553 932 592 Ocriculum
961 555 1226 606 Lymphaeum
1255 556 1520 606 Argentanum

112 608 320 659 Clampetia
343 610 528 660 multique
553 610 613 648 alii
635 610 821 659 ignobiles
838 611 985 660 populi,
1010 624 1215 650 senescere
1232 612 1422 651 Punicum
1440 612 1522 651 bel—

109 664 189 702 lum
210 670 423 714 cernentes,
443 666 628 704 defecere.
661 666 763 705 idem
781 667 916 705 consul
934 679 1020 706 cum
1035 667 1247 707 Hannibale
1264 668 1301 706 in
1319 680 1409 718 agro
1424 668 1520 707 Cro·
1552 676 1591 709 11

110 720 278 759 toniensi
304 721 383 759 acie
413 722 595 761 conflixit.
645 722 810 761 obscura
838 723 919 761 eius
948 736 1101 774 pugnae
1121 724 1222 763 fama
1245 729 1320 771 est3
1354 725 1520 763 Valerius

109 776 241 815 Antias
263 777 432 828 quinque
453 778 569 817 millia
591 779 763 817 hostium
793 792 901 818 caesa
929 781 999 827 ait,
1027 793 1123 831 quae
1149 786 1253 819 tanta
1280 793 1341 819 res
1371 786 1447 827 est,
1479 786 1523 820 ut

110 837 174 871 aut
194 832 440 884 impudenter
460 835 547 873 ficta
569 835 619 873 sit
639 840 704 874 aut
725 836 967 885 neglegenter
989 837 1273 887 praetermissa.
1302 836 1395 875 nihil
1417 842 1520 876 certe
1552 846 1591 879 12

108 889 207 927 ultra
229 890 282 928 rei
303 889 342 927 in
363 890 468 928 [talia
492 891 538 929 ab
562 891 773 930 Hannibale
794 896 962 942 gestum:
992 904 1081 931 nam
1104 894 1149 931 ad
1173 906 1260 931 eum
1284 905 1438 944 quoque
1466 894 1520 932 le-

107 945 183 995 gati
204 945 249 984 ab
272 945 500 997 Carthagine
528 953 708 986 vocantes
736 948 775 986 in
797 947 965 986 Africam
994 949 1039 986 iis
1067 949 1166 987 forte
1194 949 1347 995 diebus,
1379 949 1520 1000 quibus

109 1001 157 1039 ad
180 1001 396 1051 Magonem,
418 1008 616 1042 venerunt.

1552 507 1593 540 10

221 1058 421 1096 Frendens
445 1071 681 1110 gemensque
702 1072 745 1098 ac
766 1060 826 1098 vix
853 1060 1020 1098 lacrimis
1048 1065 1269 1111 temperans
1297 1060 1436 1099 dicitur
1462 1061 1516 1099 le-
1546 1060 1601 1099 20

110 1117 287 1162 gatorum
309 1114 420 1152 verba
443 1115 609 1153 audisse.
647 1120 853 1165 postquam
875 1116 974 1154 edita
996 1121 1089 1154 sunt
1104 1117 1297 1163 mandata,
1320 1117 1421 1162 „iam
1440 1129 1520 1156 non
1550 1123 1569 1155 2

107 1169 315 1220 perplexe“
338 1170 463 1221 inquit
484 1172 578 1217 „sed
602 1172 725 1222 palam
754 1177 954 1218 revocant,
982 1172 1045 1223 qui
1074 1173 1238 1211 vetando
1269 1172 1521 1223 supplemen—

108 1230 190 1264 tum
213 1230 249 1264 et
270 1226 476 1276 pecuniam
498 1227 597 1266 mitti
620 1228 694 1265 iam
717 1227 867 1277 pridem
890 1228 1105 1266 trahebant.
1147 1228 1237 1267 vicit
1257 1241 1349 1278 ergo
1373 1229 1519 1268 Hanni-

107 1281 231 1320 balem
261 1294 341 1320 non
369 1283 537 1333 populus
570 1283 789 1332 Romanus,
824 1283 968 1322 totiens
997 1296 1133 1322 caesus
1165 1284 1415 1336 fugatusque,
1452 1287 1520 1324 sed

109 1343 266 1377 senatus
295 1338 622 1389 Carthaginiensis
651 1339 930 1378 obtrectatione
957 1345 1071 1390 atque
1103 1340 1254 1380 invidia.
1297 1353 1422 1393 neque
1449 1342 1521 1380 hac

109 1393 351 1433 deformitate
372 1395 517 1434 reditus
540 1396 615 1434 mei
636 1401 715 1434 tam
737 1396 778 1434 P.
797 1396 927 1446 Scipio
950 1396 1133 1435 exultabit
1153 1401 1266 1447 atque
1287 1398 1418 1436 efferet
1434 1410 1521 1437 sese

106 1516 275 1558 bejischen
295 1518 432 1549 Aemter
455 1527 519 1549 von
537 1518 597 1549 der
613 1517 778 1549 Nobilita't

105 1562 267 1602 abhiingig
301 1563 455 1601 wurden,
489 1572 515 1593 s.
551 1562 609 1602 27,
643 1562 702 1602 21,
737 1563 775 1601 9;

105 1607 233 1638 Becker
263 1607 298 1646 2,
320 1606 356 1647 2,
380 1607 463 1645 2613
490 1607 601 1647 Lange
633 1608 667 1647 1,
693 1607 776 1646 6073

105 1651 188 1689 617;
213 1652 248 1691 2,
278 1651 357 1689 1333
378 1652 430 1683 eiu
459 1652 627 1683 iihnliches
652 1651 776 1684 Gesetz

106 1696 210 1727 findet
237 1696 305 1727 sich
330 1694 390 1727 auf
409 1697 468 1727 der
490 1697 601 1728 tabula
628 1697 776 1728 Bantina.

104 1760 149 1764 —-
165 1740 238 1772 aed.
253 1741 312 1783 pl„
331 1740 384 1780 29,
400 1740 452 1781 20,
475 1740 508 1771 11
523 1750 531 1779 ;
552 1741 628 1772 dass
643 1751 681 1772 er
694 1742 776 1772 auch

105 1787 177 1818 aed.
196 1786 320 1817 curulis
338 1795 493 1825 gewesen
512 1796 593 1826 war,
613 1796 639 1817 s.
654 1786 707 1826 27,
722 1785 776 1825 33,

105 1831 179 1862 kam
202 1831 273 1862 hier
292 1831 380 1861 nicht
399 1830 429 1861 in
450 1830 615 1861 Betracht.
634 1848 678 1853 —
695 1830 778 1862 sella

105 1886 149 1916 c.‚
173 1886 210 1907 er
238 1886 308 1907 war
337 1876 538 1915 wenigstens
569 1875 690 1906 Pr‘ator
718 1886 777 1915 ge-

105 1931 229 1952 wesen.
246 1939 290 1944 —
305 1922 498 1962 ignoraret,
517 1920 658 1959 daunais,
676 1920 726 1951 als
741 1931 778 1952 er

105 1966 174 1997 sich
192 1966 321 1997 wiihlen
341 1965 432 1996 liess.
450 1983 493 1988 —
511 1968 632 1998 contra
648 1976 687 2006 q.,
707 1976 733 1996 s.
749 1976 777 1997 c.

108 2010 158 2050 10,
177 2011 215 2049 4;
234 2010 300 2043 Cic.
318 2010 420 2050 Legg.
440 2010 470 2050 2,
489 2011 518 2049 5,
541 2010 574 2041 11
588 2022 594 2041 :
610 2021 685 2042 cum
699 2020 778 2042 con-

106 2059 160 2088 tra
188 2056 358 2097 fecerint,
394 2066 493 2097 quam
527 2055 668 2098 polliciti
697 2058 776 2087 sint.

106 2100 174 2132 Der
196 2100 302 2132 Inhalt
325 2101 383 2131 (les
402 2100 566 2132 Gesetzes
591 2101 635 2132 ist
654 2100 711 2142 27,
736 2100 774 2131 21

108 2146 195 2176 nicht
212 2156 318 2185 genau
336 2145 539 2185 angegeben.

156 2184 217 2227 19,
258 2185 425 2221 10——200
462 2189 573 2221 Abfall
606 2190 778 2222 italischer

107 2234 223 2265 St'zidte
241 2245 305 2265 von
323 2235 496 2274 Hannibal,
521 2236 641 2266 dessen
661 2235 778 2275 Abzug

107 2289 165 2310 aus
182 2278 318 2318 Italien3
347 2280 479 2311 Coruel.
498 2280 601 2311 Hann.
618 2280 656 2318 63
685 2281 777 2312 Diod.

108 2325 173 2355 Sic.
193 2324 322 2364 27,12;
350 2325 486 2366 Appian.
504 2325 607 2355 Hann.
624 2326 683 2362 59;
706 2325 777 2357 Lib.

107 2368 165 2408 353
194 2369 275 2401 Zon.
294 2370 325 2409 9,
348 2369 402 2407 133
432 2369 489 2400 Sil.
509 2369 546 2400 lt.
569 2370 619 2407 17,
643 2369 715 2400 185.

154 2414 246 2444 10——
261 2414 308 2445 12.
336 2414 517 2446 Consentia
540 2426 570 2445 u.
596 2414 778 2457 Clampetia

105 2459 177 2490 sind
196 2460 295 2490 schon
311 2459 363 2499 29,
383 2459 423 2489 38
439 2460 488 2490 als
504 2471 544 2490 zu
558 2461 618 2490 den
635 2459 775 2490 Riiinern

105 2504 358 2544 uben-geganga„
379 2505 544 2546 erwiihnt,
571 2504 622 2535 die
640 2505 776 2544 iibrigen

107 2549 188 2580 Orte
229 2551 336 2589 wenig
375 2549 527 2580 bekannt.
581 2551 776 2590 Aufugum,

106 2594 196 2626 viell.
213 2594 408 2635 dasjelzige
426 2594 599 2635 Fognano;
614 2594 776 2634 Besidiae,

107 2639 683 2681 spaterBeside'anum,ub'rdlichvon
694 2639 778 2671 Con-

850 1518 957 1549 sentia
971 1528 1011 1549 an
1026 1519 1085 1549 der
1098 1519 1151 1550 via
1166 1518 1292 1560 Popilia
1306 1520 1370 1550 und
1384 1519 1523 1552 amCra-

850 1563 932 1601 this3
951 1563 1138 1595 Ocriculum
1152 1565 1368 1595 verschieden
1384 1575 1447 1596 von
1463 1566 1523 1596 der

849 1608 1112 1647 gleichnaniigen
1128 1608 1225 1640 stadt
1239 1610 1269 1639 in
1287 1609 1452 1650 Umbrien,
1467 1610 1522 1650 22,

853 1652 1130 1694 113A1'gentan.,
1148 1654 1524 1695 wahrscheinlichjetzt

849 1697 1051 1737 Argenfflno,
1077 1699 1225 1729 niirdlich
1248 1710 1311 1730 von
1330 1699 1522 1740 Clampetia.

849 1760 893 1764 —
914 1742 1048 1785 populi,
1073 1742 1132 1783 29,
1158 1742 1217 1782 38,
1244 1743 1276 1775 1:
1301 1744 1522 1785 ignobiliores

849 1787 936 1817 aliae
959 1788 1124 1819 civitates.
1148 1806 1192 1810 ——-
1214 1798 1300 1829 agro
1327 1788 1434 1827 Cret„
1459 1790 1521 1820 wie

850 1830 904 1870 29,
924 1830 976 1873 36,
994 1832 1026 1863 4.
1044 1849 1088 1854 —-
1104 1832 1233 1875 impud.
1248 1834 1291 1873 sl,
1308 1833 1375 1872 vgl.
1394 1833 1447 1873 26,
1466 1833 1520 1873 49,

851 1876 882 1907 2.
905 1894 948 1898 -—
970 1876 1103 1918 neg-leg.
1124 1887 1196 1919 pr.,
1223 1888 1286 1908 von
1304 1878 1364 1908 den
1383 1878 1521 1918 iibrigen

850 1921 1045 1952 Annalisten
1059 1931 1178 1952 ausser
1190 1921 1520 1955 Valerius.—certe:

850 1966 913 1996 wie
939 1976 974 1997 es
998 1967 1078 1997 auch
1097 1967 1198 1998 damit
1215 1968 1331 1998 stehen
1348 1977 1437 2008 mag,
1463 1979 1521 2007 ge·

850 2011 930 2041 wiss
945 2011 998 2044 ist.
1016 2029 1059 2034 —
1076 2014 1244 2052 vocantes,
1263 2013 1313 2043 die
1328 2031 1371 2035 ——
1386 2013 1521 2054 sollten,

850 2066 877 2087 s.
897 2055 949 2097 21,
968 2056 999 2096 6,
1018 2056 1048 2087 2.
1062 2074 1106 2079 —
1119 2059 1169 2098 iis,
1183 2067 1234 2087 wo
1249 2068 1320 2088 inan
1335 2057 1455 2090 iisdem
1469 2068 1521 2089 er-

850 2105 982 2140 wartet‚
1001 2112 1027 2132 s.
1048 2112 1074 2132 c.
1095 2101 1148 2143 24,
1169 2102 1203 2140 13
1224 2102 1274 2143 38,
1295 2103 1348 2142 25,
1367 2103 1398 2135 6.

897 2140 964 2177 20.
995 2146 1102 2177 1—4.
1118 2146 1349 2189 frendensque
1365 2158 1414 2188 ac,
1434 2158 1460 2179 s.
1480 2159 1519 2179 zu

854 2191 886 2229 1,
916 2191 970 2229 19,
999 2191 1033 2228 13
1058 2191 1096 2229 9,
1121 2191 1327 2231 31‚10.—
1347 2192 1520 2236 perpleaee,

850 2235 1031 2274 versteckt,
1046 2235 1299 2276 aul'Uinwegen.
1314 2256 1356 2259 —
1370 2238 1521 2278 vetando,

850 2280 1102 2321 iibertreibend,
1133 2281 1171 2312 da
1206 2283 1297 2313 seine
1327 2282 1438 2314 Partei
1468 2283 1520 2313 die

852 2326 1081 2363 herrschende,
1097 2326 1178 2357 aber
1192 2327 1280 2358 nicht
1295 2328 1400 2367 thiitig
1413 2338 1521 2367 genug

850 2380 1004 2409 gewesen
1027 2380 1107 2410 war,
1126 2381 1151 2402 s.
1172 2382 1199 2402 c.
1220 2372 1249 2410 7,
1270 2372 1299 2402 7.
1319 2390 1362 2395 —
1382 2373 1520 2411 traheb„

851 2426 913 2455 zog
937 2416 1051 2446 immet·
1068 2426 1106 2445 an
1125 2417 1202 2457 niir,
1226 2418 1342 2448 suchte
1361 2418 1441 2448 mich
1461 2428 1522 2448 zur

850 2460 1026 2491 Riickkehr
1050 2471 1089 2491 zu
1109 2462 1283 2500 niitliigeru
1309 2463 1366 2493 das
1385 2462 1522 2502 Subject

849 2507 926 2545 geht
943 2516 1001 2535 aus
1021 2509 1160 2537 senatus
1175 2507 1303 2537 her-vor.
1321 2525 1364 2530 —
1383 2509 1519 2539 obtrect-

849 2561 880 2581 a.
904 2551 968 2589 im,
994 2550 1317 2590 Entgegenarbciten
1342 2562 1399 2583 aus
1425 2552 1521 2583 Miss-

850 2599 958 2635 gunst.
1001 2595 1186 2626 Denselben
1213 2596 1325 2628 Grund
1350 2598 1454 2637 geben
1478 2607 1518 2628 an

850 2641 931 2681 App.
958 2639 1060 2672 Hann.
1089 2641 1147 2680 16;
1175 2641 1233 2672 Dio
1252 2642 1345 2674 Cass.
1365 2640 1447 2682 frag.
1466 2642 1519 2682 57,

1549 1234 1569 1267 3
