1784 2967
59 840 99 872 10

61 1121 101 1153 15

127 239 154 257 a.
169 231 222 257 Ch.
233 231 294 256 206.

567 220 690 252 LIBER
715 214 876 252 XXVIII.

921 220 1020 271 *CAR
1050 219 1103 251 33.
1446 219 1519 258 201

126 324 241 363 iubet.
282 335 398 362 mons
426 327 646 375 opportune
674 321 901 373 prominens
930 321 1101 372 equitum
1129 320 1290 360 insidias
1318 320 1429 368 texit3
1456 332 1527 359 nec
1554 327 1576 359 4

128 381 198 419 ulla
219 392 329 418 mora
351 391 500 430 pugnae
519 380 617 419 facta
638 383 708 417 est.
746 378 906 429 Hispani
927 378 966 417 in
988 383 1194 429 conspecta
1215 377 1353 429 procul
1372 389 1526 428 pecora,

127 437 256 475 velites
273 436 312 474 in
329 436 523 488 Hispanos
539 435 680 486 praeda
698 440 907 486 occupatos
925 435 1132 473 incurrere.
1169 435 1295 485 primo
1313 433 1526 473 missilibus
1555 439 1574 470 5

126 493 358 540 territavere,
379 493 518 532 deinde
535 491 687 531 emissis
704 491 850 530 levibus
867 492 963 538 telis,
985 504 1080 542 quae
1101 491 1256 530 inritare
1274 491 1396 541 magis
1414 502 1527 541 quam

128 550 334 588 decernere
354 561 522 601 pugnam
546 552 743 599 poterant,
764 547 912 598 gladios
933 548 1102 595 nudant,
1126 552 1163 586 et
1184 548 1335 586 conlato
1352 548 1447 599 pede
1467 558 1529 585 res

126 609 211 657 yerz'
237 614 365 657 coepta
384 613 453 654 est,
481 617 689 656 ancepsque
716 605 897 656 pedestre
927 609 1121 643 certamen
1150 609 1248 651 erat,
1276 604 1350 642 nisi
1379 603 1528 655 equites

128 662 454 714 supervenissent.
499 674 624 712 neque
660 674 705 700 ex
740 662 900 700 adverso
930 666 1079 699 tantum
1108 660 1212 699 inlati
1242 660 1374 698 obvios
1405 660 1528 699 obtri-
1557 667 1577 698 6

127 731 230 766 vere,
260 719 326 758 sed
349 718 592 758 circumvecti
613 719 726 757 etiam
751 718 904 769 quidam
927 730 997 769 per
1018 717 1147 755 intima
1171 716 1253 755 clivi
1274 717 1319 755 ab
1341 721 1450 767 tergo
1473 730 1527 763 se,

127 781 169 815 ut
195 776 400 826 plerosque
432 775 749 822 intercluderent,
782 775 1022 821 obiecerunt3
1057 774 1257 824 maiorque
1284 773 1416 812 caedes
1444 773 1528 820 fuit,

129 844 243 883 quam
272 837 454 883 quantam
483 833 594 870 edere
621 831 713 870 levia
743 844 813 883 per
839 831 1087 870 excursiones
1116 830 1260 880 proelia
1289 830 1435 882 solent„

127 888 248 939 magis
270 901 430 927 accensa
452 889 612 927 adverso
635 889 781 939 proelio
804 888 974 927 barbaris
997 892 1073 934 est,
1097 899 1210 937 quam
1232 886 1426 925 imminuti
1448 886 1530 925 ani-

127 945 190 983 mi.
231 945 361 995 itaque
381 958 428 984 ne
450 945 551 996 pulsi
573 945 810 991 viderentur,
840 945 965 996 prima
986 945 1068 983 luce
1090 947 1249 994 postero
1271 943 1330 982 die
1350 943 1388 981 in
1410 942 1529 981 aciem
1554 949 1573 981 8

126 1014 365 1052 processere.

422 1013 502 1040 non
541 1002 715 1051 capiebat
751 1002 878 1040 omnis
915 1001 1046 1052 copias
1083 1005 1265 1050 angusta,
1308 999 1408 1037 sicut
1443 1003 1531 1037 ante

127 1058 271 1096 dictum
294 1064 364 1103 est,
387 1058 517 1096 valles:
546 1058 643 1096 duae
670 1058 791 1096 ferme
813 1057 984 1108 peditum
1008 1061 1156 1107 partes,
1186 1055 1314 1094 onmis
1337 1055 1529 1106 equitatus

126 1114 166 1153 in
189 1115 309 1153 aciem
332 1115 545 1159 descendit,
576 1115 678 1165 quod
702 1115 858 1153 relicum
882 1111 1053 1165 peditum
1076 1118 1172 1158 erat,
1202 1112 1358 1163 obliquo
1382 1112 1529 1150 consti—

126 1176 283 1210 tuerunt
305 1171 412 1210 colle.
456 1171 604 1221 Scipio,
633 1183 703 1221 pro
728 1184 768 1209 se
789 1184 875 1209 esse
894 1170 968 1209 loci
990 1169 1187 1220 angustias
1210 1174 1332 1215 ratus,
1361 1173 1399 1207 et
1427 1167 1529 1218 quod
1559 1177 1579 1209 9

126 1228 166 1266 in
196 1232 278 1266 arto
306 1240 435 1278 pugna
457 1227 633 1266 Romano
663 1228 790 1278 aptior
812 1240 926 1278 quam
948 1226 1123 1277 Hispano
1146 1225 1253 1264 militi
1276 1225 1402 1264 futura
1424 1225 1532 1263 vide-

126 1284 256 1330 batur,
287 1289 323 1322 et
350 1284 452 1334 quod
481 1284 519 1322 in
542 1296 629 1322 eum
656 1284 783 1322 locum
812 1285 979 1322 detracta
1002 1283 1172 1321 hostium
1196 1281 1296 1320 acies
1318 1286 1439 1328 esset,
1467 1281 1530 1331 qui

128 1385 198 1425 legi
214 1384 310 1424 wird,
329 1395 355 1415 s.
376 1394 402 1415 c.
420 1383 474 1424 22,
494 1385 524 1414 5.

173 1430 272 1461 4-6.
309 1432 489 1472 opportun.
516 1439 642 1472 prom„
671 1429 791 1460 Erkl'zi-

129 1484 212 1514 rung
225 1485 288 1505 von
304 1474 443 1506 occulto.
458 1493 500 1497 ———
515 1475 611 1513 tescit,
631 1485 657 1505 5.
672 1485 698 1505 c.
714 1474 744 1513 2,
763 1474 790 1505 1.

127 1538 171 1542 -—
187 1520 247 1552 lev.
263 1519 328 1559 tel„
344 1531 369 1551 5.
387 1519 439 1557 26,
454 1519 484 1558 4,
501 1520 531 1551 4.
547 1538 590 1542 —-
603 1519 791 1560 decernere,

127 1575 154 1595 s.
173 1575 200 1596 c.
222 1565 272 1604 14,
296 1564 345 1596 12.
363 1583 406 1587 -—-
423 1564 505 1596 conl.
523 1565 610 1608 ped„
630 1576 655 1596 s.
671 1564 724 1603 3⁸0¹,
739 1564 792 1606 21,

131 1609 185 1641 13:
212 1613 243 1641 si
256 1610 340 1653 pede
356 1610 486 1642 conlato
501 1610 725 1653 pugnandum
743 1612 796 1641 est

129 1655 254 1695 (veliti),
278 1655 455 1687 translatis
479 1657 510 1686 in
535 1656 660 1687 laevam
684 1656 794 1686 hastis

127 1701 271 1741 stm'nge't
297 1700 466 1741 gladimn:
506 1701 553 1731 sie
588 1701 699 1731 b'zitten
730 1700 792 1730 wie

130 1750 225 1776 sonst
247 1745 298 1775 die
322 1745 670 1776 schwerbewass'neten
692 1745 793 1776 Fuss-

129 1795 268 1832 truppen
292 1788 475 1831 gekiimpst,
506 1791 572 1830 vgl.
605 1790 664 1827 29,
690 1789 727 1830 2,
757 1789 792 1820 3:

129 1838 282 1877 equestre
307 1835 486 1878 proelium.
532 1835 596 1866 Das
627 1835 720 1874 Folg.
750 1834 795 1865 ist

129 1880 331 1920 Erg'zinzung
364 1890 505 1911 neuerer
538 1880 651 1919 Hdss.,
692 1879 793 1911 Gron.

129 1935 232 1956 verm.
252 1926 417 1967 futurum.
440 1935 517 1956 acre
537 1925 723 1969 proelium,
757 1935 791 1955 es

129 1971 250 2002 kb'nnte
282 1971 363 2001 auch
396 1980 473 2002 acre
500 1972 659 2008 (iustam)
652 1972 792 2011 )suiu-

129 2025 205 2048 rum
220 2015 378 2059 pedestre
395 2020 458 2046 etc.
477 2015 556 2055 διὲξ,
548 2014 682 2046 efallen
702 2016 793 2054 sein,

128 2061 244 2114 Polyb.
272 2065 347 2101 sagt
378 2072 455 2092 nur:
490 2061 646 2100 συνέστη
677 2060 795 2104 μέγας

128 2104 301 2159 ἀκοοβρλι
308 2103 403 2148 σμὸς
437 2107 510 2138 τῶν
550 2106 668 2143 πεζιῦι
709 2106 794 2148 περὶ

129 2150 194 2183 τὸν
211 2137 366 2182 αὐλῶια.
399 2150 508 2183 Ueber
526 2154 600 2183 era!
621 2153 689 2182 nisi
711 2161 736 2181 S.
763 2151 793 2191 2,

131 2196 184 2235 50,
206 2196 255 2235 10,
273 2196 340 2235 vgl.
354 2195 384 2235 3,
402 2196 452 2236 10,
469 2197 501 2227 7:
517 2207 573 2227 ιιιυ
555 2196 795 2248 .,·e11.5quessde-

130 2221 187 2273 rai*
203 2243 382 2272 cezmtmnen
406 2258 451 2263 —
473 2244 519 2280 nt,
545 2242 676 2284 Polyb*
703 2237 795 2273 ὥστε

131 2283 216 2321 ’τοίς
245 2286 393 2320 πλείους
420 2283 539 2317 αὐτῶν
561 2304 605 2309 —
631 2285 735 2330 disens
734 2290 796 2317 ‘m-

131 2330 250 2376 (virm
244 2330 454 2372 .--qm'dmn,
471 2330 501 2369 3,
516 2330 569 2367 61
586 2332 617 2362 <l
629 2334 794 2372 —obz'7ec

132 2387 159 2408 c.
181 2376 231 2415 16,
249 2376 279 2406 4.
296 2386 413 2419 ——per
429 2386 578 2415 emetws„
597 2377 658 2407 wie
677 2377 724 2407 sie
742 2357 796 2407 bei

132 2421 352 2461 Gelegenlieit
368 2432 432 2452 von
457 2439 500 2443 -—
524 2422 717 2461 entstehen,
741 2421 794 2462 32,

134 2466 185 2505 10,
205 2466 240 2497 9:
256 2476 318 2509 per
335 2468 553 2498 arcura-iones
576 2468 616 2497 ab
641 2468 796 2498 stationi—

132 2513 204 2551 bns,
222 2512 288 2551 vgl.
310 2511 362 2550 21,
382 2511 611 2550 s,7;37,1S,
630 2512 660 2542 9.

178 2556 274 2588 7-8.
300 2557 400 2600 pulsi,
416 2561 510 2587 sonst
523 2556 574 2587 bei
589 2556 644 2588 L.:
663 2566 794 2596 gewor-

131 2599 195 2642 fen,
214 2612 240 2633 s.
260 2602 289 2640 7,
310 2602 340 2639 S,
366 2602 403 2638 2;
423 2601 440 2632 3
459 2613 491 2632 u.
510 2612 557 2641 a.,
581 2602 704 2632 miisste
725 2603 795 2633 bier

131 2645 294 2678 bedeuten
305 2659 312 2678 :
323 2647 558 2688 iiberwunden,
573 2657 598 2678 s.
610 2646 703 2679 Caes,
713 2647 744 2678 Β.
755 2646 795 2678 G.

869 1383 1014 1424 1,;4
1044 1384 1232 1415 exercitum
1253 1381 1391 1425 pulsum
1415 1384 1448 1413 et
1469 1382 1530 1413 sub

864 1439 926 1470 1113
929 1408 983 1460 u'm
997 1431 1061 1460 mss
1065 1439 1156 1459 man·
1173 1427 1226 1458 fur
1240 1429 1290 1458 die
1305 1427 1533 1467 gewiibnliclie

866 1474 987 1505 Lesart
1012 1474 1161 1516 perculit
1190 1473 1318 1504 scheint
1346 1472 1461 1525 Ρο1ῃ1).
1492 1482 1533 1503 zu

865 1520 1043 1561 sprecben:
1070 1517 1156 1560 διαγ
1160 1529 1208 1550 ωι
1212 1515 1382 1553 [ἆσαι-τες
1397 1515 1448 1561 μὴ
1469 1513 1530 1548 δια

865 1562 905 1596 τὸ
941 1563 1197 1608 προηττῆσθαι
1232 1560 1297 1600 δόζ
1285 1571 1369 1594 ωσι
1401 1573 1532 1594 κατα-

866 1620 915 1641 πε
929 1621 952 1641 π
967 1610 1046 1651 λῆχ
1055 1613 1129 1641 Occi
1173 1611 1250 1644 τοῖς
1289 1605 1408 1646 ὅλοις,
1448 1608 1529 1639 doeh

866 1655 1059 1686 konnteder
1068 1649 1433 1689 Zusatzrofgb'amgL.
1452 1664 1532 1684 ver-

865 1700 1032 1739 anlassen,
1052 1701 1144 1730 einen
1166 1699 1341 1730 st'aikeren
1357 1698 1532 1730 Ausdruck

867 1756 907 1775 zu
925 1745 1066 1775 wdblen.
1086 1763 1128 1766 —
1149 1744 1235 1776 dnae
1258 1755 1303 1786 p.,
1322 1745 1405 1775 zwei
1426 1744 1532 1774 Dritt-

867 1790 978 1828 tbeile,
998 1800 1023 1820 s.
1043 1789 1063 1830 ξ
1084 1788 1134 1820 16.
1151 1807 1195 1811 -
1213 1789 1275 1820 obl.
1293 1800 1318 1820 c.
1338 1799 1376 1829 c.,
1394 1799 1433 1819 an
1460 1790 1531 1819 dem

867 1835 933 1865 sicli
954 1835 1081 1874 schr'ag,
1099 1844 1139 1864 an
1158 1835 1217 1864 der
1235 1834 1325 1865 Seite
1343 1834 1532 1864 hinziehen—

867 1881 927 1911 den
954 1879 1071 1919 Hiigvl.
1095 1897 1139 1901 -—
1163 1881 1374 1917 constituor„
1398 1878 1535 1910 Mando-

866 1925 938 1955 nius
963 1925 1026 1955 und
1051 1924 1217 1965 Indibilis,
1244 1925 1324 1955 oder
1348 1924 1533 1966 iiberbaupt

866 1971 918 2001 dic
938 1968 1116 2001 Aufiihrer.

912 2015 1033 2046 9——10.
1056 2025 1119 2057 pro
1138 2025 1184 2053 se,
1204 2024 1230 2044 S.
1249 2025 1289 2045 zu
1308 2014 1361 2053 21,
1387 2014 1417 2054 9,
1435 2016 1473 2053 43
1500 2016 1530 2053 9,

868 2060 921 2098 24,
942 2061 977 2091 S:
996 2060 1088 2091 locus
1103 2069 1167 2102 pro
1184 2060 1281 2091 nobis
1299 2061 1380 2099 erit,
1408 2059 1460 2101 39,
1478 2059 1531 2099 30,

868 2105 903 2137 3:
922 2105 993 2137 loca
1009 2115 1072 2148 pro
1090 2105 1186 2136 hoste
1200 2106 1312 2145 suere.
1337 2124 1381 2127 —
1402 2108 1435 2137 in
1456 2108 1531 2137 arto

865 2162 910 2194 p.‚
936 2161 986 2181 wo
1006 2151 1056 2181 die
1072 2149 1296 2191 Hiimpl'enden
1316 2160 1379 2188 eng
1402 2160 1532 2181 zusam-

867 2196 1086 2236 mengvdr'awe,
1077 2200 1114 2234 t,
1130 2195 1226 2225 Minu
1237 2195 1447 2235 vogenMann
1463 2200 1532 2226 ste-

868 2239 1531 2292 ben,s.Tac.Agr.-‘5b:171a71'0pug71a,

867 2286 1000 2328 Polyb..
1020 2282 1083 2316 ὃια
1102 2282 1141 2316 τὸ
1160 2296 1249 2316 κατα
1265 2296 1379 2321 τας-
1400 2282 1534 2318 συστά-

869 2330 936 2372 δη)
949 2327 1073 2374 μάχας
1086 2327 1150 2362 τόι
1164 2340 1200 2362 τε
1214 2341 1269 2361 κα
1268 2329 1481 2382 Ἰοπλισμὸν
1490 2349 1531 2353 —-

868 2377 964 2408 πολιν
985 2375 1177 2419 ‹lucqe‘ofn
1194 2385 1266 2407 τωι
1282 2372 1440 2417 ’[βηωωι,
1464 2375 1532 2415 vgl.

868 2433 894 2453 c.
913 2422 943 2460 2,
961 2422 994 2452 7:
1018 2421 1131 2452 stabili
1150 2421 1533 2463 p11„·71a.——zzdebatur

867 2485 911 2489 -
934 2470 1040 2506 esset,
1066 2467 1124 2497 der
1149 2465 1190 2496 W
1196 2466 1307 2496 eelisel
1331 2467 1388 2497 des
1413 2466 1531 2497 Modus

868 2512 953 2543 kann
974 2512 1045 2542 bier
1068 2512 1211 2542 dadurcli
1236 2511 1425 2543 veranlasst
1449 2512 1529 2552 sein,

868 2558 944 2588 dass
974 2557 1152 2588 videbatur
1182 2557 1281 2587 sehon
1313 2557 1414 2587 durch
1438 2557 1530 2587 seine

869 2603 1061 2641 Bedeutuug
1094 2602 1145 2632 die
1179 2601 1363 2641 subjective
1396 2602 1535 2633 Ansicbt

869 2647 1072 2688 bezeichnet,
1091 2647 1142 2677 die
1160 2647 1200 2677 im
1219 2645 1297 2687 folg.
1313 2647 1412 2678 Satze
1431 2647 1531 2678 durch

1475 830 1529 868 ira
1559 838 1577 869 7
