1784 2967
195 309 221 348 4

196 1223 215 1254 l}

198 1393 214 1424 *l

247 205 328 245 210
724 204 845 237 LIBER
866 205 987 239 xxvl.
1021 205 1113 237 CAP.
1131 206 1163 237 4.

1495 224 1520 241 a.
1537 224 1563 241 u.
1579 216 1640 241 543.

357 306 460 345 Inter
480 306 574 345 haec
595 306 649 346 vis
672 306 799 346 omnis
821 307 905 347 belli
927 321 1034 347 versa
1056 308 1095 346 in
1117 308 1284 358 Capuam
1301 314 1391 347 erat.
1433 308 1640 348 obsideba-

245 368 308 402 tur
335 368 462 402 tamen
489 362 614 402 acrius
643 375 756 414 quam
783 366 1095 416 oppugnabatur3
1127 377 1197 403 nec
1224 370 1288 403 aut
1314 365 1453 404 famem
1476 366 1640 405 tolerare

245 419 397 458 servitia
429 432 472 458 ao
499 419 605 470 plebs
633 425 809 471 poterant
845 427 910 461 aut
942 422 1093 460 mittere
1127 421 1283 460 nuntios
1311 422 1357 460 ad
1388 422 1639 461 Hannibalem

244 488 313 527 per
334 476 528 515 custodias
549 482 629 516 tam
650 483 763 517 artas.
803 478 980 517 inventus
1002 483 1061 517 est
1079 478 1253 524 Numida,
1276 478 1339 528 qui
1361 479 1524 529 acceptis
1541 479 1639 518 litte-

243 533 313 580 ris,
341 545 547 572 evasurum
574 546 615 572 se
642 534 842 585 professus
876 540 1085 586 praestaret
1117 535 1368 586 promissum.
1422 547 1490 586 per
1516 536 1641 575 media

243 590 418 628 Romana
453 595 574 629 castra
607 596 719 630 nocte
746 604 925 641 egressus
955 604 1062 641 spem
1090 592 1260 630 accendit
1290 591 1514 642 Campanis,
1551 590 1645 630 dum

243 645 384 697 aliquid
404 646 542 685 virium
564 654 800 698 superesset,
830 648 876 686 ab
899 648 1003 686 omni
1026 653 1133 698 parte
1154 648 1396 699 eruptionem
1418 649 1642 699 temptandi.

244 708 413 742 ceterum
435 703 473 741 in
495 703 624 742 multis
647 704 920 743 certaminibus
943 705 1132 755 equestria
1153 705 1296 756 proelia
1316 705 1437 743 ferme
1454 718 1643 756 prospera

243 759 440 806 faciebant,
463 760 587 810 pedite
609 760 901 810 superabantur.
944 761 1009 799 sed
1033 773 1274 812 nequaquam
1296 767 1372 800 tam
1395 762 1536 800 laetum
1559 761 1641 800 vin—

244 829 328 855 cere
358 829 473 867 quam
495 817 603 854 triste
626 816 720 855 vinci
744 817 815 854 ulla
837 822 943 867 parte
964 823 1044 855 erat
1065 817 1110 855 ab
1135 818 1296 856 obsesso
1319 824 1355 856 et
1375 831 1498 869 prope
1519 831 1640 869 expu—

243 878 357 923 gnato
385 873 508 911 hoste.
549 872 641 911 inita
667 873 821 911 tandem
842 874 939 912 ratio
961 879 1035 920 est,
1066 879 1107 912 ut
1127 875 1229 924 quod
1250 874 1393 913 viribus
1417 875 1543 914 deerat
1564 881 1643 914 arte

244 934 486 980 aequaretur.
527 942 571 967 ex
600 929 781 968 omnibus
808 930 1022 980 legionibus
1051 930 1156 968 electi
1184 936 1274 969 sunt
1300 931 1456 970 iuvenes
1478 932 1643 970 maxime

243 985 374 1036 vigore
401 998 444 1024 ac
462 986 612 1025 levitate
635 999 841 1038 corporum
864 987 1030 1033 veloces,
1061 986 1114 1025 eis
1137 999 1292 1038 parmae
1312 987 1505 1026 breviores
1527 1001 1641 1039 quam

245 1047 443 1093 equestres
472 1048 507 1081 ct
538 1048 697 1094 septena
724 1043 843 1082 iacula
865 1050 1072 1094 quaternos
1093 1043 1206 1094 longa
1230 1044 1346 1094 pedes
1370 1045 1454 1083 data
1476 1045 1642 1095 praefixa

244 1100 366 1146 ferro,
395 1099 502 1150 quale
529 1099 649 1138 hastis
671 1100 890 1139 velitaribus
913 1101 1024 1140 inest.
1060 1113 1127 1138 eos
1150 1101 1321 1151 singulos
1344 1101 1382 1139 in
1405 1114 1524 1152 equos
1547 1113 1640 1140 suos

244 1155 475 1206 accipientes
509 1156 653 1207 equites
687 1157 979 1196 adsuefecerunt
1012 1162 1049 1195 et
1082 1157 1162 1196 vehi
1190 1162 1281 1208 post
1307 1170 1392 1196 sese
1427 1164 1463 1196 et
1490 1158 1643 1197 desilire

244 1212 461 1264 perniciter,
484 1212 549 1251 ubi
571 1213 702 1252 datum
725 1213 876 1264 signum
899 1219 1013 1252 esset.
1050 1219 1256 1265 postquam
1274 1214 1529 1254 adsuetudine
1546 1215 1641 1253 coti-

246 1269 358 1308 diana
379 1269 471 1309 satis
488 1269 678 1321 intrepide
695 1270 775 1309 fieri
792 1271 916 1309 visum
935 1276 1003 1316 est,
1026 1270 1064 1308 in
1082 1282 1273 1321 campum,
1295 1271 1359 1321 qui
1376 1271 1526 1310 medius
1542 1271 1643 1310 inter

246 1331 369 1365 castra
392 1338 622 1378 murumque
644 1327 939 1374 erat,'adversus
961 1327 1169 1365 instructos
1189 1327 1474 1378 Campanorum
1496 1328 1641 1379 equites

244 1388 539 1435 processerunt,
568 1388 621 1431 et,
651 1383 716 1422 ubi
744 1384 790 1423 ad
818 1384 1032 1423 coniectum
1060 1383 1121 1422 teli
1144 1388 1298 1422 ventum
1320 1389 1392 1430 est,
1421 1384 1531 1434 signo
1554 1385 1641 1423 dato

245 1439 374 1479 velites
405 1440 598 1479 desiliunt.
639 1440 829 1492 pedestris
851 1441 938 1480 inde
959 1441 1058 1480 acies
1080 1453 1124 1479 ex
1145 1441 1312 1491 equitatu
1333 1447 1489 1491 repente
1510 1441 1548 1479 in
1570 1441 1643 1479 ho—

245 1552 356 1592 Staat,
375 1552 435 1584 der
452 1553 510 1584 das
529 1552 703 1584 Exilrecht
720 1553 785 1585 hat.
805 1571 848 1576 —
873 1552 910 1585 id

247 1598 276 1629 in
297 1597 407 1638 Bezug
430 1596 489 1629 auf
509 1599 570 1629 den
589 1598 741 1638 Begriff'
734 1609 764 1629 lu
789 1598 907 1631 exula-

980 1563 1057 1585 rmn
1085 1554 1218 1585 circiter
1239 1552 1364 1595 pedum
1387 1555 1536 1591 armari,-
1561 1553 1642 1584 eben

981 1609 1016 1629 so
1042 1599 1180 1629 braum-ht
1197 1598 1234 1629 L.
1254 1598 1294 1629 im
1312 1598 1406 1638 Folg.
1428 1599 1492 1629 und
1518 1598 1569 1637 38,
1589 1598 1642 1637 21,

245 1646 327 1675 tum.
349 1661 391 1666 —
414 1645 542 1675 zustum
560 1655 613 1675 er.
634 1648 709 1682 etc„
733 1643 786 1683 25,
805 1644 835 1684 4,
855 1644 885 1675 9.

290 1682 367 1720 4—-
376 1682 415 1719 6.
444 1688 650 1729 Belagerung
673 1669 908 1731 (3311111115,Ρο-

245 1734 311 1776 ¹3¹³·
327 1733 357 1773 9,
374 1733 409 1773 33
425 1733 508 1775 App.
526 1734 661 1765 Hannib.
677 1733 785 1773 331123
801 1734 907 1766 F-ron

246 1778 416 1810 tin.Strat.
433 1779 492 1817 4,
482 1779 580 1818 1,29;
595 1779 767 1811 Val.Max.
783 1779 813 1818 2,
829 1779 860 1819 3,
877 1780 907 1811 3.

292 1823 399 1857 1—3.
425 1825 568 1857 servitia
591 1835 620 1856 α.
637 1836 688 1868 p.,
711 1825 778 1865 vgl.
796 1825 833 1864 4,
855 1824 905 1865 12,

247 1868 286 1900 10
310 1868 333 1900 f.
356 1887 401 1892 —-
430 1871 602 1912 int-entus,
628 1871 684 1901 das
711 1870 905 1913 Asyndeton

245 1915 309 1946 soll
325 1915 386 1946 den
405 1914 562 1947 Uinstand
580 1916 807 1946 hervorheben
819 1941 826 1955 ‚
848 1916 906 1947 das

244 1959 322 2000 l'olg.
345 1971 408 2003 per
428 1960 539 1992 media
562 1965 624 1992 ete.
649 1961 692 1992 ist
715 1961 905 1992 erkliirend.

244 2022 288 2027 --
305 2016 399 2048 spem
415 2022 459 2028 —
477 2008 591 2048 tempt.
611 2005 673 2036 wie
691 2016 717 2036 c.
736 2005 766 2045 3,
784 2005 838 2036 10:
866 2017 906 2036 zu

245 2051 430 2081 versuchen
449 2050 488 2081 ob
505 2069 548 2072 —
566 2049 682 2090 Erl'olg
699 2050 802 2081 haben
817 2051 908 2081 wiir-

243 2095 294 2126 de.
308 2112 352 2117 —
366 2096 626 2138 prosperasac.,
645 2096 696 2126 die
715 2095 905 2137 Campaner,

243 2151 270 2171 5.
289 2140 413 2180 25,15,
432 2140 483 2172 20.
505 2158 549 2163 —
574 2140 640 2172 ulla
659 2151 704 2184 p.,
728 2140 781 2181 21,
804 2141 854 2180 17,
874 2140 905 2171 S.

243 2184 353 2218 Ueber
391 2185 442 2217 die
476 2185 628 2226 Stellung
666 2196 729 2217 von
771 2189 847 2217 erat
878 2196 905 2217 s.

244 2229 347 2273 praef.
362 2231 392 2262 5.
405 2242 615 2273 —eoepngn.
634 2231 675 2271 lz„
695 2241 721 2262 5.
738 2230 858 2273 25,28,
874 2231 904 2262 7.

288 2275 905 2328 4.1ἀ16116.ς,Ρο1)1).1),22;καιτοις

241 2319 311 2365 μὲν
340 2331 534 2358 νεωτατοις
558 2317 808 2376 ‘'ls‘t’UWj-fds‘l
831 2318 905 2364 μιξ-

236 2377 376 2416 χαιραν
398 2369 532 2410 φορεῖν
555 2367 613 2398 καὶ
637 2363 828 2410 74261591015
845 2366 904 2397 καὶ

244 2407 408 2454 πάρμην.
433 2430 477 2435 —
499 2411 906 2456 ρα11ηα6111,1)()1)1).1.

244 2456 283 2487 l.:
305 2454 506 2501 περιφερὴς
528 2459 621 2489 οὐσα
646 2458 708 2497 (die
724 2467 834 2499 parma
848 2457 906 2488 der

243 2500 388 2538 Veliten)
413 2504 461 2534 ῑιῦ
483 2500 640 2546 σχήματι
660 2500 837 2555 τριπεὸον
855 2502 903 2541 (11.

245 2544 296 2585 38,
307 2546 358 2584 21,
372 2548 426 2579 13;
442 2535 678 2591 ιἰ1·1116(11α[61η)’
667 2548 737 2591 ἔχει
753 2544 904 2588 τὴνδιά-

242 2601 388 2634 perper.
405 2611 449 2616 -—
473 2596 668 2636 hephetzac,
693 2593 807 2625 Front.
827 2593 848 2624 1.
867 2593 904 2625 l.:

244 2639 390 2679 septenis
415 2639 569 2680 singulos
594 2639 702 2671 hastis
726 2641 905 2686 quaterno-¹

983 1643 1021 1674 13
1040 1644 1159 1683 hasta,
1185 1644 1328 1683 dag-egen
1347 1654 1375 1674 a.
1396 1654 1427 1674 u.
1446 1644 1494 1675 St.
1514 1655 1545 1675 u.
1565 1642 1585 1684 ξ
1606 1645 1640 1681 ῖς

981 1688 1032 1729 38,
1051 1688 1103 1729 21,
1125 1689 1140 1719 7
1160 1699 1190 1720 11.
1208 1700 1237 1720 a.
1250 1689 1365 1730 iacula,
1384 1689 1450 1728 vgl.
1469 1688 1522 1726 24,
1542 1688 1594 1727 34,
1610 1689 1641 1719 5.

980 1752 1024 1756 -—
1046 1734 1204 1777 praeficca
1215 1735 1265 1775 f.,
1288 1734 1381 1765 Caes.
1402 1735 1434 1765 Β.
1453 1733 1487 1764 C.
1507 1734 1538 1774 2,
1557 1734 1587 1774 2,
1609 1733 1642 1764 1:

980 1790 1111 1811 asseres
1139 1778 1332 1822 cuspidibus
1362 1780 1512 1822 praefioei
1540 1790 1571 1810 u,
1600 1789 1642 1818 a.‚

978 1824 1040 1855 wir
1057 1825 1263 1865 umgekebrt,
1282 1835 1308 1855 s.
1325 1824 1549 1865 Naegelsbach
1568 1824 1642 1855 Stil.

980 1870 1013 1901 S.
1032 1869 1109 1901 405.
1141 1869 1235 1912 quale
1252 1888 1294 1891 ——
1312 1871 1401 1901 inest
1418 1871 1516 1901 istan
1537 1881 1566 1900 u.
1582 1869 1640 1901 St..

980 1925 1030 1946 wo
1056 1919 1126 1946 erst
1142 1916 1193 1946 die
1213 1914 1418 1955 Einfiihrung
1435 1915 1493 1946 der
1513 1915 1641 1946 Veliten

979 1960 1177 2000 dai-gestellt
1217 1960 1314 1998 xxird,
1359 1961 1446 1991 nicht
1488 1960 1638 2001 passend.

982 2005 1161 2044 Ucbrigens
1181 2005 1308 2035 scheint
1321 2004 1368 2043 L.,
1387 2015 1481 2036 wenn
1500 2016 1537 2036 er
1556 2005 1641 2035 nicht

981 2050 1051 2081 blos
1077 2050 1126 2080 die
1147 2049 1267 2081 §Vorte
1292 2050 1401 2080 seiner
1421 2049 1537 2091 Quelle
1560 2050 1639 2080 wie—

979 2095 1139 2135 dergiebt,
1158 2095 1209 2125 die
1225 2095 1317 2126 hasta
1332 2095 1481 2126 velitaris
1497 2095 1576 2126 noch
1591 2095 1639 2126 als·

978 2139 1120 2171 bekannt
1150 2145 1454 2179 vorauszusetzen3
1492 2140 1639 2180 obgleich

979 2185 1025 2216 sie
1051 2185 1129 2215 nach
1156 2185 1227 2216 (16111
1253 2184 1374 2225 h'riege
1403 2186 1461 2217 mit
1486 2185 1639 2225 Iugurtha

978 2241 1003 2261 5.
1032 2230 1112 2261 Sall.
1138 2229 1159 2261 I.
1185 2230 1245 2269 463
1275 2230 1336 2261 105
1363 2231 1451 2263 nicht
1473 2232 1565 2262 mehr
1588 2241 1640 2261 er-

976 2275 1090 2307 wiilint
1115 2276 1208 2315 wird,
1234 2286 1260 2306 s.
1285 2275 1389 2317 Marq.
1415 2276 1442 2318 3,
1469 2276 1496 2317 2,
1523 2275 1587 2306 253
1606 2275 1637 2306 ff.

979 2321 1053 2351 259.

1022 2366 1119 2397 5—9.
1146 2368 1271 2408 equites
1296 2366 1339 2397 ist
1364 2365 1512 2406 Subject.
1552 2368 1637 2396 acci>

974 2413 1104 2453 pientes
1137 2411 1330 2443 bezeiclinet
1361 2412 1411 2442 die
1439 2411 1637 2442 1111161161*ὴο-

976 2457 1065 2495 lung.
1079 2475 1124 2479 —
1141 2458 1221 2497 velli,
1237 2467 1276 2488 zu
1293 2456 1406 2495 reiten,
1421 2456 1529 2487 hinter
1543 2456 1636 2487 ihnen

976 2500 1196 2533 aufzusitzen.
1220 2521 1263 2524 —
1292 2501 1437 2539 medias,
1468 2502 1528 2532 der
1550 2500 1638 2532 Zwi-

977 2547 1170 2578 selienraum
1190 2548 1233 2578 ist
1249 2547 1319 2578 also
1335 2547 1482 2577 ziemlich
1498 2546 1580 2577 broit
1597 2557 1637 2577 zu

978 2592 1115 2623 denken.
1134 2610 1178 2615 —
1203 2604 1248 2624 ea*
1265 2603 1324 2634 eq„
1343 2591 1393 2623 die
1409 2592 1485 2623 -sich
1503 2602 1562 2622 aus
1580 2592 1640 2622 der

976 2636 1123 2669 Reiterei
1163 2638 1307 2677 gebildet
1346 2637 1410 2669 hat.
1458 2636 1637 2668 Aehnliclie

1670 545 1689 576 5

1674 826 1712 857 to

1674 1111 1711 1142 15
