1784 2967
213 920 261 958 17

285 203 365 241 240

711 199 838 232 LIBER
854 199 980 233 XXVI.
1014 200 1106 232 CAP.
1127 199 1177 231 16.
1200 199 1251 231 17.

1538 215 1563 233 a.
1580 215 1607 233 u.
1622 207 1684 233 543.

218 312 254 344 11
286 303 477 342 reddenda
499 302 545 341 ab
563 303 684 341 Roma
708 302 914 353 quotannis
931 303 1136 341 missuros.
1179 301 1229 340 ita
1247 301 1292 339 ad
1310 301 1478 352 Capuam
1495 312 1558 339 res
1577 312 1686 339 com-

284 359 432 410 positae
463 358 622 397 consilio
650 357 696 397 ab
725 358 830 396 omni
858 364 965 410 parte
992 358 1182 397 laudabili.
1231 369 1360 395 severe
1387 362 1424 395 et
1450 357 1620 395 celeriter
1647 356 1686 395 in

287 415 453 453 maxime
486 415 625 453 noxios
662 414 992 461 animadversum,
1026 414 1230 453 multitudo
1266 413 1402 452 civium
1438 413 1619 463 dissipata
1647 413 1687 451 in

287 471 427 509 nullam
458 483 567 521 spem
589 471 755 517 1‘editus3
788 483 866 509 non
890 471 1074 510 saevitum
1098 469 1286 509 incendiis
1308 469 1507 519 ruinisque
1528 469 1566 507 in
1589 474 1687 508 tecta

218 533 256 564 12
285 527 439 565 innoxia
462 539 690 577 murosque,
719 532 756 565 et
778 539 863 566 cum
887 527 1148 566 emolumento
1171 526 1341 577 quaesita
1363 525 1475 564 etiam
1497 525 1598 575 apud
1619 537 1686 564 so-

286 584 365 622 cios
387 583 550 622 lenitatis
575 583 721 634 species
745 583 1007 622 incolumitate
1027 583 1134 622 urbis
1157 582 1419 621 nobilissimae
1437 580 1687 632 opulentissi—

286 652 463 690 maeque,
492 640 599 678 cuius
627 639 748 678 ruinis
778 640 904 678 omnis
933 640 1158 690 Campania,
1187 651 1322 677 omnes
1351 638 1414 689 qui
1441 637 1688 688 Campaniam

218 703 256 735 13
288 696 384 734 circa
418 696 597 734 accolunt
632 696 765 746 populi
799 695 1094 745 ingemuissent:
1134 695 1326 734 confessio
1361 706 1542 745 expressa
1573 693 1688 740 hosti,

285 758 425 802 quanta
453 751 507 790 vis
537 752 575 790 in
599 751 784 789 Romanis
812 752 857 789 ad
887 753 1117 802 expetendas
1144 764 1288 802 poenas
1311 751 1356 789 ab
1378 750 1596 789 infidelibus
1618 762 1689 788 so-

285 808 351 846 ciis
375 814 411 846 et
432 820 546 858 quam
568 807 662 846 nihil
683 808 721 845 in
739 807 949 846 Hannibale
970 808 1095 847 auxilii
1118 808 1164 846 ad
1186 813 1362 858 receptos
1385 807 1421 845 in
1445 807 1559 845 fidem
1575 812 1688 845 tuen-

287 865 357 902 dos
381 869 494 902 esset.

401 919 564 958 Romani
592 924 721 970 patres
749 919 961 970 perfuncti,
990 920 1092 970 quod
1114 920 1161 958 ad
1182 919 1349 970 Capuam
1371 919 1570 964 attinebat,
1600 930 1690 957 cura

289 976 326 1014 C.
350 976 492 1014 Neroni
521 989 565 1014 ex
593 976 637 1013 iis
666 976 814 1014 duabus
842 975 1079 1026 legionibus,
1107 988 1202 1026 quas
1235 976 1281 1014 ad
1303 975 1471 1026 Capuam
1493 975 1690 1021 habuerat,

290 1045 354 1070 sex
383 1032 483 1070 milia
511 1032 683 1082 peditum
714 1038 750 1070 et
772 1044 838 1070 ccc
861 1033 1026 1082 equites,
1057 1045 1154 1083 quos
1178 1032 1261 1082 ipse
1282 1032 1452 1081 legisset,
1483 1035 1520 1069 et
1541 1030 1690 1068 socium

287 1089 412 1127 Latini
441 1088 610 1127 nominis
640 1088 811 1138 peditum
835 1101 1039 1127 numerum
1062 1101 1193 1140 parem
1212 1093 1248 1126 et
1270 1100 1364 1126 occe
1387 1087 1533 1138 equites
1556 1087 1690 1125 decer-

240 1152 258 1183 2
288 1150 397 1183 nunt.
441 1157 529 1183 eum
558 1145 765 1183 exercitum
790 1145 958 1184 Puteolis
987 1146 1024 1183 in
1052 1158 1168 1184 naves
1198 1145 1411 1195 inpositum
1433 1144 1533 1182 Nero
1562 1143 1601 1181 in
1623 1143 1691 1181 Hi-

287 1201 463 1252 spaniam
485 1201 774 1252 transportavit.
817 1214 905 1239 cum
924 1202 1180 1240 Tarraconem
1204 1200 1368 1239 navibus
1386 1201 1555 1239 venisset
1571 1212 1691 1250 expo-

290 1258 452 1308 sitisque
486 1257 537 1295 ibi
570 1257 691 1308 copiis
725 1263 761 1296 et
788 1258 951 1296 navibus
981 1257 1179 1296 subductis
1209 1257 1338 1295 socios
1369 1269 1522 1307 quoque
1550 1256 1691 1294 navalis

289 1313 546 1353 multitudinis
575 1314 769 1364 augendae
805 1326 917 1353 causa
951 1319 1159 1361 armasset,
1197 1314 1394 1364 profectus
1428 1313 1472 1351 ad
1507 1312 1691 1350 Hiberum

288 1449 358 1480 sind
372 1448 462 1489 jetzt
478 1449 530 1480 die
548 1449 620 1479 vier
636 1447 873 1480 Praefecturen
893 1449 952 1480 der

291 1494 330 1525 10
359 1494 605 1535 campanischen
636 1493 768 1533 Stiidte,
804 1504 829 1525 s.
861 1493 952 1525 Fest.

288 1540 540 1582 praefecturae,
575 1549 605 1580 p.
639 1538 720 1578 233,
765 1537 954 1579 eingefiihrt

289 1585 440 1622 worden,
460 1585 525 1624 vgl.
550 1583 659 1623 Lange
691 1584 724 1622 1,
744 1583 825 1621 65ος
854 1584 954 1624 Voigt

288 1630 345 1660 das
376 1630 426 1660 ius
444 1629 595 1660 naturale
625 1633 688 1659 etc.
715 1628 750 1667 2,
775 1628 849 1659 369.
875 1647 911 1651 —
934 1639 954 1659 a

287 1674 396 1706 Roma
412 1692 455 1696 —
468 1676 647 1713 missuros,
667 1674 772 1713 zeigt,
799 1674 875 1705 dass
894 1674 954 1704 der

289 1719 465 1750 Beschluss
481 1720 509 1749 in
527 1719 604 1750 Rom
619 1717 747 1757 gefasst
761 1719 855 1750 wird.
871 1718 956 1750 &Ver

289 1765 348 1795 den
365 1762 537 1795 Priisccten
557 1764 715 1803 schickte,
733 1764 777 1794 ist
794 1764 883 1795 nicht
896 1774 956 1803 ge-

289 1820 351 1840 nau
369 1809 569 1849 angegeben,
588 1819 613 1840 S.
631 1808 721 1840 Fest.
740 1809 760 1839 l.
778 1809 796 1839 1.
812 1809 957 1840 alterum

290 1857 410 1896 (genus
441 1855 771 1898 praefecturarum),
810 1857 844 1885 in
873 1864 957 1896 quas

290 1900 441 1932 solebant
462 1902 512 1931 ire
532 1900 703 1943 praefecti
725 1903 897 1941 quattuor,
914 1917 958 1922 —

290 1947 346 1986 qui
386 1944 533 1987 populi
583 1945 806 1985 sas-'fragia
854 1946 961 1976 creati

290 1993 397 2027 erant,
415 1992 446 2020 ιή
466 1990 545 2020 haec
563 1989 697 2031 oppida,
726 1989 871 2031 Capuam
892 1994 955 2020 etc.

288 2051 331 2056 —-
349 2034 394 2065 ad
423 2033 512 2076 Cap„
539 2034 591 2065 bei
612 2034 655 2074 C„
685 2034 735 2064 die
760 2035 868 2065 dieses
898 2034 957 2064 be-

289 2078 485 2109 treffenden.
504 2097 548 2101 —-
569 2080 610 2109 ab
629 2089 657 2109 o.
673 2089 722 2120 p.,
753 2084 847 2110 sonst
875 2079 955 2109 auch

290 2125 373 2154 ohne
392 2125 442 2164 ab,
462 2123 513 2162 22,
532 2123 581 2162 15,
602 2123 630 2163 9,
650 2123 715 2161 vgl.
731 2122 784 2161 37,
800 2123 852 2162 53,
869 2124 898 2155 5.
913 2141 957 2145 —

290 2168 462 2208 laudabili,
493 2169 572 2199 nach
593 2169 663 2199 dem
687 2168 800 2199 barten
819 2167 957 2207 Hriegs-

291 2214 404 2245 recbte
423 2214 481 2244 der
496 2213 625 2245 Riimer.
642 2232 684 2235 —
705 2215 737 2245 in
756 2213 836 2245 null.
852 2223 956 2255 spem,

290 2257 343 2289 fiir
366 2258 477 2300 keine,
508 2268 542 2289 so
572 2259 647 2289 dass
672 2259 719 2289 sie
744 2258 838 2289 dabei
861 2258 957 2288 keine

291 2303 454 2344 Holl'nung
471 2303 573 2334 haben
592 2303 747 2341 konnten,
767 2314 793 2334 s.
814 2303 841 2342 1,
860 2302 957 2343 34,3:

291 2350 324 2379 in
341 2349 467 2380 nullam
485 2351 612 2380 sortem
627 2350 789 2381 bonorum
806 2351 908 2385 nani,-
925 2347 955 2387 6,

296 2393 346 2431 11,
363 2394 391 2435 5,
409 2394 471 2424 wie
485 2394 566 2424 auch
581 2396 619 2425 ut
636 2394 700 2425 und
715 2395 755 2425 im
770 2393 955 2424 Deutschen

291 2449 349 2468 um
368 2439 535 2470 bisweilen
561 2439 621 2469 den
647 2438 769 2470 Zweck
795 2442 877 2469 statt
899 2439 957 2469 des

292 2482 445 2523 Erfolges
461 2484 664 2522 bezeichnet,
680 2483 732 2521 24,
748 2483 800 2520 30,
818 2483 874 2521 143
891 2483 957 2522 vgl.

295 2527 393 2567 10,6,
416 2528 474 2567 113
494 2528 546 2567 21,
565 2528 618 2567 43,
639 2529 668 2560 7.
706 2528 776 2560 Zur
794 2527 898 2559 Sache
930 2538 956 2558 s.

292 2571 312 2612 ξ
332 2573 361 2603 6.
381 2592 423 2596 —
455 2575 581 2615 ruinis,
614 2573 769 2605 Eiustuvz
800 2573 957 2612 (Zerstti-

293 2619 392 2657 rung)
423 2619 480 2649 der
499 2619 642 2650 bewirkt
664 2619 789 2650 wurde.
808 2636 851 2641 —
868 2629 958 2650 emo-

1025 1448 1116 1487 lam„
1135 1447 1189 1479 fiir
1205 1447 1297 1479 Rom.
1315 1466 1358 1470 —
1373 1449 1535 1488 quaesita,
1554 1457 1579 1479 S.
1598 1445 1692 1486 2,43,

1029 1494 1079 1525 10.
1098 1511 1143 1516 —
1159 1493 1322 1532 lenitatis,
1353 1493 1392 1523 da
1416 1503 1487 1523 man
1512 1493 1564 1523 die
1588 1502 1692 1532 ganze

1026 1539 1123 1570 Stadt
1152 1539 1242 1570 hatte
1272 1539 1446 1569 zersttiren
1464 1537 1613 1575 ko'nnen3
1639 1536 1692 1577 31,

1026 1583 1079 1623 31,
1109 1583 1161 1614 13;
1191 1584 1313 1614 horum
1342 1585 1498 1624 sineque
1521 1583 1602 1613 urbs
1619 1584 1694 1625 ipsa

1025 1640 1131 1670 neque
1156 1629 1255 1660 homo
1273 1630 1445 1670 quisquam
1471 1629 1693 1670 superes-sset,

1028 1675 1103 1716 quis
1133 1673 1253 1705 darius
1270 1691 1314 1695 —
1333 1675 1500 1704 statutam
1523 1672 1697 1713 indignari

1026 1720 1162 1762 posset?
1175 1737 1218 1741 —
1232 1717 1565 1762 species,de1·Glanz,
1582 1717 1695 1748 Ruhm.

1027 1782 1072 1786 ——
1096 1765 1206 1795 rm'm's
1231 1781 1274 1785 —
1298 1764 1439 1805 ing-em„
1466 1773 1492 1793 s.
1514 1761 1567 1800 36,
1587 1762 1638 1803 28,
1658 1762 1695 1793 9.-

1027 1810 1267 1850 z'ug'emuermzt
1293 1826 1337 1830 —
1380 1807 1562 1839 conde'tz'om'
1602 1817 1695 1838 suae.

1029 1854 1120 1885 Cui-t.
1140 1854 1171 1893 4,
1190 1853 1242 1891 42,
1261 1852 1321 1892 30,·
1342 1852 1422 1883 eben
1441 1863 1477 1883 so
1495 1852 1696 1884 illacrimare

1030 1899 1083 1937 45,
1102 1898 1132 1937 4,
1152 1898 1181 1935 2,
1201 1898 1268 1938 vgl.
1287 1898 1340 1937 25,
1359 1897 1412 1937 24,
1435 1897 1490 1935 113
1516 1898 1595 1928 doch
1613 1897 1695 1928 auc-h

1029 1947 1139 1975 morte
1155 1946 1321 1984 ingemuit
1338 1954 1402 1975 rea·
1420 1942 1510 1973 Curt.
1529 1942 1558 1981 9,
1578 1942 1627 1981 13,
1643 1942 1696 1973 20.

1029 2006 1073 2011 -
1107 1989 1205 2027 hosti,
1241 1989 1312 2019 dem
1348 1987 1472 2018 Feinde
1501 1987 1695 2028 iiberhaupt,

1030 2034 1177 2072 obgleich
1208 2033 1388 2064 besonders
1420 2041 1459 2062 an
1490 2031 1626 2063 Hanibal
1655 2042 1695 2063 zu

1029 2078 1156 2109 denken
1177 2078 1231 2108 ist.
1249 2095 1292 2100 —
1310 2087 1410 2118 quam
1427 2076 1518 2118 nihil,
1537 2087 1562 2107 s.
1583 2077 1650 2115 cf),
1663 2077 1694 2107 7.

1076 2116 1143 2155 17·
1191 2121 1423 2154 Verh'a'ltnisse
1470 2122 1500 2152 in
1541 2121 1694 2163 Spanien,

1029 2167 1180 2199 Frontin.
1198 2167 1301 2200 Strat.
1324 2167 1350 2208 1,
1369 2168 1399 2206 5,
1422 2166 1476 2205 193
1502 2167 1584 2208 App.
1609 2165 1694 2198 Iber.

1032 2213 1092 2251 173
1113 2212 1195 2244 Zon.
1214 2212 1242 2253 9,
1264 2212 1294 2243 7.

1078 2257 1174 2288 1—2.
1202 2257 1347 2289 Romani
1360 2268 1405 2300 p.,
1426 2267 1452 2288 s.
1474 2257 1500 2297 1,
1522 2256 1572 2296 18,
1591 2257 1620 2295 5,
1639 2266 1697 2296 ge-

1029 2303 1192 2333 wo'hnlich
1220 2306 1336 2345 patres
1359 2302 1514 2335 Romani.
1542 2319 1587 2324 —
1609 2300 1699 2343 quod

1031 2358 1061 2378 a.
1082 2347 1115 2379 C.
1132 2359 1173 2387 a.,
1192 2348 1245 2385 23,
1264 2347 1317 2385 25,
1336 2347 1366 2379 4.
1382 2348 1570 2391 perfuncti,
1589 2347 1619 2377 in
1635 2346 1695 2377 Be-

1030 2403 1093 2432 zug
1110 2391 1169 2424 auf
1182 2404 1208 2424 e.
1232 2393 1282 2432 16,
1301 2392 1337 2430 83
1357 2403 1396 2424 an
1414 2393 1467 2423 die
1485 2392 1617 2433 spiitere
1632 2391 1694 2422 Be-

1031 2439 1172 2477 ratbung
1200 2448 1226 2468 c.
1256 2437 1298 2468 33
1311 2436 1332 2469 f.
1364 2438 1419 2468 hat
1447 2436 1485 2468 L,
1515 2437 1586 2467 hier
1613 2437 1695 2467 noch

1031 2483 1281 2523 nicbtgedacbt.
1315 2500 1359 2505 —
1391 2481 1537 2521 duabus,
1562 2491 1588 2512 s.
1612 2492 1639 2512 c.
1664 2481 1696 2520 5,

1031 2527 1062 2558 8.
1080 2545 1124 2550 —
1142 2527 1282 2567 Puteal„
1301 2526 1455 2568 25‚22,5.
1479 2525 1693 2566 Tarrac.,22,

1030 2572 1082 2612 22,
1103 2572 1132 2603 2.
1151 2575 1316 2604 —socios
1332 2582 1423 2611 natu,
1443 2570 1501 2612 21,
1519 2571 1579 2611 49,
1603 2571 1634 2603 7.
1651 2589 1695 2593 ——-

1032 2617 1077 2649 ad
1092 2618 1175 2658 Hib„
1195 2628 1222 2649 s.
1242 2617 1294 2656 25,
1310 2616 1363 2657 37,
1382 2616 1412 2647 8.

1721 815 1760 847 10

1722 1094 1761 1125 15
