1784 2967
33 834 72 866 10

29 1114 69 1146 15

106 236 132 254 a.
149 228 202 255 Ch.
218 228 277 253 205.

507 217 633 250 LIBER
657 216 813 250 XXVIII.
861 218 952 250 CAP.
979 218 1032 250 40.
1051 218 1105 250 41.

1423 218 1504 257 219

107 321 179 359 sibi
201 321 408 372 praeferret
429 332 504 358 -2
535 319 676 358 nedum
705 331 775 369 ego
805 319 1032 370 perfunctus
1059 319 1275 358 honoribus
1299 319 1505 359 certamina
1536 325 1576 357 12

105 377 198 415 mihi
225 382 337 427 atque
365 377 657 415 aemulationem
687 387 774 414 cum
795 375 1036 414 adulescente
1056 375 1332 414 florentissimo
1354 388 1503 427 propo-

105 445 216 471 nam:
245 432 416 472 videlicet
436 438 479 472 ut
498 432 589 471 mihi
612 432 685 471 iam
708 431 885 477 vivendo,
914 444 994 470 non
1022 433 1147 470 solum
1177 433 1293 470 rebus
1324 433 1501 483 gerendis

104 489 222 535 fesso,
244 489 275 527 si
299 489 387 528 huic
408 494 542 540 negata
563 489 687 534 fuerit,
707 487 832 527 Africa
855 489 1052 539 provincia
1076 489 1312 527 decernatur.
1354 501 1440 528 cum
1462 501 1503 528 ea

106 546 243 595 gloria,
273 558 369 596 quae
391 551 499 596 parta
520 550 597 590 est,
621 544 824 583 vivendum
847 550 959 595 atque
981 544 1225 583 moriendum
1247 550 1315 583 est.
1358 545 1505 584 vincere
1532 549 1574 581 14

102 615 172 651 ego
196 602 374 652 prohibui
397 601 658 646 Hannibalem,
680 606 722 639 ut
744 613 764 639 a
787 600 907 647 vobis,
930 613 1096 652 quorum
1120 601 1247 651 vigent
1267 613 1371 640 nunc
1392 602 1502 646 vires,

103 659 215 696 etiam
239 658 335 696 vinci
357 662 506 708 posset.
516 662 537 677 ‘⁸

1536 437 1576 469 13

215 714 338 760 „Illud
359 719 396 752 te
417 713 510 752 mihi
532 713 748 763 ignoscere,
776 713 817 752 P.
842 713 1012 759 Corneli,
1036 725 1200 764 aequum
1223 715 1313 759 erit,
1337 714 1388 760 si,
1413 726 1499 752 cum
1529 713 1581 751 41

101 770 140 809 in
168 781 228 808 me
255 770 338 820 ipso
363 782 574 820 numquam
597 769 719 820 pluris
746 769 886 808 famam
910 770 1112 808 hominum
1137 782 1250 819 quam
1273 782 1355 808 rem
1377 770 1503 821 puhli—

102 838 183 865 cam
205 826 381 871 fecerim,
405 838 453 864 ne
473 831 578 864 tuam
601 826 755 876 quidem
779 826 940 876 gloriam
964 826 1059 864 bono
1076 826 1230 878 publico
1245 838 1502 878 praeponam:

101 894 352 932 quamquam,
376 883 407 921 si
430 888 494 921 aut
514 883 653 921 bellum
676 882 824 921 nullum
846 882 884 920 in
906 883 1010 921 Italia
1031 888 1096 921 aut
1118 883 1150 920 is
1173 883 1296 921 hostis
1318 889 1437 929 esset,
1460 896 1504 921 ex
1533 890 1552 921 2

100 950 176 989 quo
200 938 297 977 victo
320 938 414 977 nihil
437 939 578 989 gloriae
599 944 860 989 quaereretur,
889 939 952 989 qui
974 945 1010 977 te
1031 939 1069 977 in
1090 939 1193 977 Italia
1214 939 1412 986 retineret,
1434 940 1503 978 etsi

98 994 135 1032 id
164 994 267 1032 bono
298 995 450 1045 publico
472 996 631 1041 faceret,
653 995 767 1033 simul
797 1008 882 1034 cum
916 995 1012 1033 bello
1036 995 1231 1033 materiam
1254 995 1398 1045 gloriae
1418 1002 1504 1033 tuae

98 1051 176 1089 isse
205 1057 380 1101 ereptum
411 1052 527 1089 videri
557 1057 708 1102 possen
737 1064 822 1089 cum
852 1064 942 1089 vero
966 1051 1151 1089 Hannibal
1174 1051 1297 1089 hostis
1320 1051 1503 1090 incolumi

99 1107 266 1146 exercitu
288 1113 466 1158 quartum
491 1108 680 1146 decimum
699 1119 843 1146 annum
862 1107 1002 1146 Italiam
1022 1108 1210 1153 obsideat,
1234 1107 1439 1157 paenitebit
1454 1114 1521 1152 te‚.

1533 1060 1552 1092 3

98 1163 138 1201 P.
162 1163 324 1209 Corneli,
346 1164 487 1214 gloriae
508 1169 606 1209 tuae,
630 1164 660 1202 si
682 1164 832 1202 hostem
856 1177 956 1209 eum,
981 1163 1043 1214 qui
1065 1169 1122 1202 tot
1142 1165 1332 1210 funerum,
1353 1169 1411 1202 tot
1427 1165 1501 1202 cla-
1553 1189 1557 1203 ι

98 1220 202 1258 dium
235 1220 350 1259 nobis
373 1233 486 1259 causa
507 1220 596 1266 fuit,
622 1226 664 1259 tu
686 1221 823 1259 consul
842 1220 945 1259 Italia
967 1220 1175 1270 expuleris,
1206 1227 1243 1259 et
1264 1221 1364 1259 sicut
1383 1233 1502 1271 penes

93 1376 283 1420 personet„
322 1375 371 1415 10,
398 1375 449 1416 13,
468 1378 498 1408 (j.
516 1394 559 1398 —
577 1378 763 1408 certamina

96 1432 125 1452 α.
150 1431 249 1460 aem.,
283 1431 309 1452 s.
333 1432 359 1452 c.
379 1420 431 1460 21,
449 1421 487 1459 43
520 1420 633 1452 Plural
652 1432 702 1452 um
722 1432 762 1452 zu

96 1467 255 1505 steigern.
273 1484 317 1488 -—
333 1465 496 1504 aduleso„
522 1466 629 1507 Scipio
649 1466 692 1497 ist
710 1471 762 1496 et-

94 1521 145 1542 wa
169 1510 210 1542 30
235 1511 334 1542 Jahre
358 1511 417 1542 alt.
440 1529 482 1534 —-
512 1511 660 1543 videlicet
681 1515 760 1543 etc.:

94 1556 152 1587 das
172 1556 261 1587 ware
278 1556 415 1595 absurd,
441 1556 479 1587 da
499 1556 548 1586 ich
568 1557 655 1587 nicht
672 1556 763 1587 mehr

94 1601 256 1632 handelnd
285 1600 451 1632 austreten
477 1601 578 1639 kann3
613 1602 671 1632 der
695 1600 761 1633 Ge-

95 1647 200 1677 danke
227 1646 412 1687 entspricht
433 1646 504 1677 dem
529 1647 558 1677 in
585 1645 605 1687 ξ
638 1646 688 1677 11.
716 1664 761 1669 -

32 1697 36 1702 ·
95 1692 165 1722 iam
183 1710 223 1713 —
237 1701 303 1721 uon
318 1691 435 1731 solam,
451 1701 477 1722 s.
493 1690 513 1731 ξ
529 1692 565 1729 53
586 1692 652 1722 Cic.
668 1690 758 1722 Fam.

98 1736 149 1768 14.
178 1735 226 1776 14,
255 1736 287 1767 l:
319 1739 471 1767 vestram
494 1739 561 1767 iam
583 1736 761 1767 eonsilium

96 1783 156 1820 est,
173 1791 238 1811 non
258 1779 364 1812 solum
382 1791 504 1812 meum.
531 1799 570 1802 -
595 1791 670 1812 cum
688 1785 762 1820 etc.,

96 1827 154 1857 das
172 1825 384 1867 Asyndeton:
416 1826 488 1856 nein
508 1826 566 1856 mit
583 1826 655 1856 dem
673 1824 761 1856 Ruh-

95 1881 140 1902 ιη(
174 1871 245 1907 (der
274 1870 302 1900 in
333 1873 460 1902 vincere
482 1889 526 1892 —
547 1870 763 1902 Hannibalem

95 1915 289 1946 bezeichnet
312 1916 382 1955 ist),
416 1916 499 1946 ohne
525 1917 605 1946 nach
624 1917 761 1955 grosse-

96 1970 165 1991 rem
184 1970 224 1991 zu
243 1961 390 1991 trachten
411 1971 442 1991 u.
462 1970 487 1992 s.
508 1970 547 1992 w.

142 1999 210 2037 41.
232 2005 338 2036 1-7.
359 2005 425 2036 Der
443 2006 553 2036 wahre
573 2005 685 2036 Grund
704 2006 762 2037 des

94 2049 376 2091 widerspruches
395 2051 438 2082 ist
452 2051 503 2082 die
519 2051 623 2090 Sorge
637 2049 691 2082 fiir
705 2052 762 2082 das

95 2094 197 2126 wohl
214 2096 272 2126 des
291 2095 440 2135 Staates,
473 2096 580 2127 dieses
601 2096 762 2136 verlangt,

96 2140 172 2171 dass
197 2140 304 2182 Scipio
329 2141 358 2171 in
389 2140 505 2172 italien
536 2141 659 2181 bleibe,
694 2151 762 2172 was

97 2184 158 2215 ihm
191 2186 271 2215 auch
302 2184 519 2225 Gelegenheit
546 2186 648 2225 geben
678 2187 761 2217 wird

96 2228 199 2260 Ruhm
233 2239 274 2259 zu
307 2230 475 2269 erlangen.
508 2249 551 2253 —
583 2234 684 2262 siwo
709 2232 760 2262 ein

95 2284 213 2305 accus:
239 2284 265 2305 e.
305 2274 360 2305 inf.
400 2279 559 2306 erwartet
596 2277 696 2316 wird,
733 2287 757 2307 s.

96 2318 190 2349 Caes.
216 2317 250 2349 B.
271 2318 308 2350 G.
329 2320 359 2359 3,
379 2320 408 2358 5,
429 2319 466 2358 23
500 2320 583 2362 Nep.
609 2322 708 2361 Ages.
727 2323 759 2361 4,

97 2363 132 2394 3:
160 2364 346 2405 gloriosius
375 2365 482 2406 ducit,
515 2368 560 2403 εἰς
591 2367 658 2405 vgl.
692 2366 758 2398 Cic.

95 2408 186 2440 Fam.
209 2408 236 2447 1,
256 2410 286 2448 (i,
305 2410 339 2441 2:
375 2413 404 2441 te
421 2411 504 2441 mihi
518 2412 709 2452 ignoscere,
728 2412 760 2442 si

96 2459 160 2485 etc.
182 2472 222 2475 —-
241 2465 423 2496 numquam
442 2460 517 2493 etc.,
537 2466 563 2486 s.
584 2455 636 2494 22,
655 2456 708 2495 39,
727 2456 757 2487 9.

94 2517 139 2522 —
163 2509 261 2540 quam
285 2510 357 2531 rem
372 2511 418 2540 μ,
438 2511 464 2531 s.
485 2500 536 2539 24,
556 2500 584 2540 S,
607 2500 661 2531 11:
694 2512 759 2533 non

95 2555 135 2576 ea
153 2547 265 2576 vestm
280 2548 311 2576 ’ίη
330 2557 383 2577 me
398 2564 441 2568 —
458 2547 582 2577 merita
599 2549 694 2586 sunt,
724 2549 763 2578 ut

94 2600 159 2621 non
183 2592 346 2633 potiorem
374 2593 515 2633 privatis
542 2591 760 2623 necessitudi-

94 2635 192 2666 nibus
225 2646 296 2668 rem
330 2636 499 2679 publicam
531 2637 683 2669 habeam.
716 2655 754 2658 —

836 1377 920 1407 bono
940 1387 975 1419 p.
999 1387 1068 1419 pru,
1102 1377 1211 1407 dieser
1234 1377 1315 1407 oder
1332 1377 1382 1408 ein
1401 1377 1505 1408 iihnli-

836 1421 914 1452 cher
953 1421 1110 1452 Gedanke
1148 1422 1192 1452 ist
1232 1422 1503 1453 wahrscheinlich

834 1464 1060 1505 ausgefallenss
1080 1466 1215 1498 Gronov
1233 1467 1301 1497 will
1315 1467 1366 1497 die
1382 1467 1503 1498 VVorte

836 1510 938 1549 tilgen
964 1512 1028 1542 und
1048 1512 1119 1542 eine
1139 1511 1210 1542 hier
1228 1512 1317 1542 nicht
1333 1512 1502 1543 motivirte

834 1556 1039 1598 Aposiopese
1077 1557 1270 1588 annehmen.
1310 1575 1353 1579 ——
1386 1567 1502 1598 quam-

835 1611 933 1642 quam
975 1607 1055 1633 etc.:
1099 1602 1209 1632 indess
1242 1601 1324 1641 gebe
1357 1602 1407 1633 ich
1441 1603 1502 1642 dir,

834 1646 990 1677 wahrend
1009 1651 1107 1677 unter
1129 1647 1273 1677 anderen
1293 1645 1502 1678 Verhiiltnis-

833 1701 891 1722 sen
911 1702 972 1722 von
991 1691 1042 1722 dir
1059 1690 1230 1731 gefordert
1247 1692 1379 1723 werden
1399 1692 1502 1724 kunn-

834 1740 877 1777 te,
901 1737 976 1767 dass
995 1737 1037 1767 du
1054 1738 1125 1767 dem
1144 1735 1310 1768 Interesse
1329 1737 1386 1768 des
1406 1737 1501 1769 Staa-

834 1785 885 1811 tes
913 1782 1028 1812 deinen
1054 1781 1155 1812 Ruhm
1187 1780 1366 1822 opfertest,
1401 1782 1501 1813 durch

834 1826 961 1856 meinen
975 1825 1158 1865 Vorschiag
1168 1827 1219 1856 die
1231 1826 1324 1857 beste
1336 1826 1500 1866 Gelegen—

835 1871 902 1901 heit
925 1871 976 1901 dir
1000 1870 1100 1901 Ruhm
1121 1882 1160 1901 zu
1189 1871 1376 1911 erwerben,
1403 1873 1442 1903 da
1460 1873 1501 1903 du

834 1915 995 1946 Hannibal
1014 1927 1054 1946 zu
1069 1915 1260 1957 bekiimpfen
1278 1916 1379 1947 haben
1393 1918 1500 1949 wirst.

834 1960 901 1991 Der
919 1971 959 1991 zu
974 1971 1175 2003 quamquam
1189 1962 1385 2001 geho'rende,
1403 1973 1444 1994 ne
1458 1981 1495 1985 —

831 2005 975 2046 gloriam
1008 2025 1051 2028 -
1085 2017 1290 2049 praeponam
1323 2008 1501 2047 restringi—

834 2051 935 2082 rende
954 2050 1109 2082 Gedanke
1128 2050 1212 2091 folgt
1230 2056 1299 2082 erst
1318 2051 1337 2092 ξ
1356 2052 1391 2082 3:
1425 2063 1501 2084 cum

833 2106 912 2128 vero
930 2101 1011 2134 etc.,
1042 2097 1100 2127 der
1117 2097 1323 2127 dazwischen
1343 2098 1500 2129 stehende

835 2142 897 2172 soll
932 2142 1110 2173 denselben
1141 2142 1190 2173 als
1220 2141 1409 2181 Gegensatz
1441 2154 1500 2174 nur

833 2187 1070 2217 hervorheben.
1105 2205 1147 2208 —
1177 2190 1238 2217 aut
1273 2187 1390 2219 bellum
1425 2193 1500 2227 etc.,

835 2232 899 2271 vgl.
920 2231 972 2271 24,
992 2231 1021 2272 S,
1042 2231 1069 2262 1.
1089 2250 1132 2254 -
1150 2235 1355 2273 quaereret„
1381 2243 1422 2263 zu
1439 2244 1500 2272 ge-

834 2277 963 2307 winnen
983 2277 1143 2307 wii1·e.—
1158 2278 1299 2320 bonop„
1316 2277 1424 2309 Ablat.
1442 2279 1499 2310 des

833 2321 1046 2353 Umstandes:
1082 2322 1186 2352 indem
1222 2322 1280 2352 das
1312 2322 1499 2354 offentliche

832 2366 933 2397 wohl
948 2367 1041 2397 dabei
1056 2366 1268 2407 massgebend
1284 2377 1307 2397 w
1316 2368 1384 2406 iire,
1403 2379 1429 2399 s.
1445 2368 1498 2409 27,

833 2411 862 2449 6,
883 2412 919 2450 83
940 2423 980 2442 zu
1000 2411 1052 2452 25,
1072 2412 1102 2450 4,
1122 2412 1151 2443 Τ.
1170 2431 1210 2434 -
1231 2412 1348 2451 obsid,
1368 2413 1499 2445 besetzt

833 2457 911 2495 h'ailt,
930 2458 1003 2487 inne
1022 2458 1087 2488 hat.
1131 2475 1174 2480 —
1189 2458 1315 2500 poenit.
1336 2460 1381 2499 te,
1416 2459 1499 2490 wird

833 2512 874 2577 gs)
888 2502 1042 2577 dignifht
1059 2502 1220 2542 geniigeu.
1244 2521 1286 2524 —
1313 2503 1446 2543 millu-5,
1471 2514 1496 2535 s.

876 2591 985 2622 4-7,
1006 2592 1064 2623 Die
1079 2591 1202 2624 Gro'sse
1221 2593 1278 2624 des
1296 2594 1396 2625 durch
1412 2594 1496 2626 Ver-

832 2637 985 2677 treibung
1008 2637 1184 2669 Hannibals
1211 2649 1251 2669 zu
1275 2639 1497 2680 erlangendeu
