1784 2967
100 254 125 271 a.
142 246 195 272 ch.
210 246 270 271 205.
560 234 685 267 LIBER
707 233 837 266 XXIX.
886 234 979 266 CAP.
1008 235 1036 266 1.

1420 233 1499 273 241

643 425 783 476 T1T1
826 423 968 475 LlVl

464 514 544 554 AB
585 514 773 554 URBE
813 514 1142 553 CONDITA

659 591 944 624 LIBERXXIX.

213 729 343 780 Scipio
365 734 574 779 postquam
596 728 635 767 in
658 728 825 767 Siciliam
847 728 958 775 venit,
979 728 1216 767 voluntarios
1236 728 1375 766 milites
1399 728 1508 766 ordi·
1538 733 1560 771 1

98 786 202 825 navit
222 785 532 848 centuriavtitque.
564 798 609 823 ex
629 785 674 823 iis
698 797 765 823 ccc
788 784 957 830 iuvenes,
979 785 1155 824 florentis
1178 790 1300 823 aetate
1317 790 1354 823 et
1369 784 1506 823 virium
1536 793 1555 825 2

98 842 260 888 lobor,e
283 841 442 880 inermis
466 841 562 880 cilca
584 854 625 879 se
646 841 826 888 habe,bat
848 842 1074 891 ignorantis,
1095 854 1209 892 quem
1232 841 1277 880 ad
1300 853 1414 880 usum
1436 852 1505 879 ne-

99 910 173 949 que
201 897 400 937 centuriati
427 910 552 949 neque
578 897 713 936 armati
743 903 997 936 seivarentur.
1038 903 1121 936 tum
1149 910 1193 935 ex
1215 897 1334 936 totius
1358 897 1506 936 Siciliae
1535 905 1555 937 3

50 962 68 992 5
98 954 296 993 iuniorum
322 966 486 993 numero
514 953 708 1004 principes
736 966 877 1003 genere
899 959 936 992 et
955 954 1110 992 fortuna
1129 958 1325 992 trecentos
1347 954 1505 1004 equites,

99 1010 163 1061 qui
198 1023 328 1049 secum
357 1010 397 1048 in
423 1010 589 1048 Africam
618 1010 838 1055 tiaicerent,
867 1010 971 1060 legit,
1000 1010 1178 1061 diemque
1202 1009 1268 1055 iis,
1299 1022 1371 1060 qua
1399 1009 1506 1060 equis

97 1066 293 1117 armisque
313 1066 490 1105 instructi
511 1072 623 1117 atque
646 1067 770 1105 ornati
791 1066 981 1112 adessent,
1002 1066 1128 1104 edixit.
1169 1065 1291 1116 gravis
1314 1079 1355 1104 ea
1377 1065 1509 1105 militia
1537 1075 1559 1106 4

97 1123 234 1174 procul
265 1123 382 1161 domo
405 1128 505 1161 terra
525 1123 698 1173 marique
720 1123 864 1161 multos
887 1122 1040 1161 labores
1062 1133 1200 1172 magna
1222 1121 1391 1172 pericula
1415 1122 1509 1160 alla-

98 1184 184 1217 tura
224 1178 440 1227 videbatur,
474 1191 597 1229 neque
633 1179 742 1229 ipsos
780 1178 897 1216 modo
935 1179 1001 1216 sed
1038 1178 1207 1229 parentis
1243 1183 1509 1229 cognatosque

34 1240 73 1272 10
98 1247 233 1273 eorum
261 1248 302 1273 ea
332 1247 421 1274 cura
449 1235 621 1284 angebat.
663 1235 727 1273 ubi
749 1234 842 1281 dies,
865 1247 961 1285 quae
982 1235 1080 1273 dicta
1102 1240 1193 1280 erat,
1216 1235 1380 1279 advenit,
1403 1246 1509 1273 arma

97 1303 295 1342 equosque
317 1291 582 1329 ostenderunt.
613 1296 696 1329 tum
718 1290 847 1341 Scipio
874 1290 1085 1329 renuntiari
1107 1291 1181 1329 sibi
1205 1290 1298 1329 dixit
1319 1291 1510 1341 quosdam

97 1346 244 1397 equites
267 1347 488 1385 Siculorum
513 1352 709 1397 tamquam
732 1359 885 1396 gravem
907 1353 944 1385 et
964 1347 1099 1385 duram
1121 1347 1282 1385 horrere
1303 1359 1386 1385 eam
1409 1347 1507 1385 mili-

97 1403 210 1449 tiam,
239 1403 271 1441 si
306 1403 370 1453 qui
397 1403 448 1441 ita
475 1403 632 1441 animati
663 1408 813 1447 essent,
843 1403 952 1441 malle
981 1415 1048 1440 eos
1077 1402 1149 1440 sibi
1176 1403 1251 1441 iam
1279 1408 1361 1441 tum
1390 1402 1509 1449 fateri,

98 1471 212 1510 quam
240 1459 450 1510 postmodo
481 1459 676 1509 querentis
704 1471 842 1508 segnes
872 1464 985 1508 atque
1012 1458 1164 1497 inutiles
1197 1458 1336 1497 milites
1358 1459 1411 1496 rei
1434 1471 1509 1509 pu—

32 1521 70 1552 15
98 1515 219 1554 blicae
239 1527 342 1554 esse:
369 1520 647 1566 expromerent
668 1514 758 1565 quid
784 1515 989 1561 sentirent,
1017 1527 1103 1553 cum
1125 1514 1227 1553 bona
1247 1515 1356 1553 venia
1377 1527 1418 1552 se
1440 1527 1507 1553 au-

99 1571 282 1610 diturum.
330 1571 396 1610 ubi
425 1583 471 1609 ex
496 1571 542 1609 iis
569 1583 670 1610 unus
699 1583 816 1609 ausus
845 1577 904 1609 est
930 1571 1056 1609 dicere
1083 1584 1124 1609 se
1152 1582 1338 1621 prorsus,
1371 1571 1400 1609 si
1424 1571 1508 1617 sibi,

97 1632 229 1666 utrum
245 1627 342 1674 velit,
363 1627 527 1666 liberum
546 1633 658 1675 esset,
674 1627 776 1666 nolle
792 1627 965 1673 militare,
982 1633 1066 1666 tum
1085 1627 1215 1678 Scipio
1234 1627 1279 1675 ei,
1295 1627 1508 1678 „quoniam

148 1743 187 1780 1.
216 1749 280 1780 1—
295 1748 347 1780 18.
374 1749 503 1791 Scipios
521 1750 767 1788 Anordnungen

101 1794 132 1825 in
151 1794 301 1831 Sicilien,
328 1805 354 1825 s.
373 1794 510 1836 Appian.
528 1794 599 1826 Lib.
620 1794 658 1833 ὃς
684 1794 768 1827 Zon.

101 1838 133 1879 9,
154 1838 306 1877 113Va1.
326 1839 414 1870 Max.
434 1839 464 1878 7,
484 1838 514 1879 3,
535 1839 565 1870 3.

151 1883 246 1914 1—2.
262 1883 444 1923 ordinavit,
458 1884 656 1926 iiberhaupt:
672 1884 770 1915 weist

97 1929 208 1970 jedem
232 1929 345 1960 seinen
362 1928 457 1960 Platz
480 1939 538 1967 an,
564 1939 592 1960 z.
611 1929 646 1960 B.
671 1934 770 1960 unter

102 1974 164 2005 den
181 1972 341 2005 Hastaten
359 1984 390 2005 u.
409 1984 436 2005 s.
455 1983 509 2013 w.,
529 1973 581 2011 22,
602 1975 632 2014 5,
652 1973 688 2005 7:
704 1985 768 2017 pu-

99 2029 221 2060 gna—
231 2018 387 2050 ordinata
400 2029 461 2062 per
472 2020 644 2062 principes
656 2019 772 2050 hasta-

104 2066 221 2105 tosque
243 2073 281 2094 ac
304 2065 462 2102 triarios-3
486 2063 539 2103 24,
564 2063 618 2103 48,
640 2064 697 2101 113
717 2063 770 2103 40,

840 1749 977 1789 iibrigen
1003 1753 1074 1779 erst
1087 1748 1177 1789 jetzt
1196 1748 1327 1780 Waffen
1347 1749 1509 1789 erhalten,

841 1794 930 1834 zeigt
947 1794 988 1824 im
1003 1793 1112 1833 Folg.:
1131 1804 1237 1835 neque
1253 1794 1381 1825 armati
1396 1803 1511 1825 serra-

840 1842 978 1879 rentur,
1009 1838 1076 1878 vgl.
1100 1838 1172 1871 Val.
1197 1839 1218 1869 1.
1244 1838 1281 1868 l.:
1311 1849 1416 1880 neque
1441 1841 1510 1869 tam

842 1885 952 1916 subito
970 1893 1027 1914 eos
1042 1886 1160 1926 posset
1174 1885 1356 1915 instruere.

887 1928 985 1959 3—8.
1009 1938 1136 1969 genere
1154 1939 1181 1959 e.
1199 1928 1246 1968 fl,
1266 1927 1356 1959 Vah:
1374 1927 1512 1959 nobilis-

843 1976 947 2005 simos
972 1975 1005 2004 et
1027 1973 1229 2011 (letissimo-53
1254 1973 1336 2004 auch
1354 1972 1512 2004 Valerius

843 2018 1009 2049 Laevinus
1038 2019 1093 2049 hat
1127 2018 1258 2049 Siculer
1290 2017 1513 2058 ausgehoben,

844 2063 902 2102 27,
927 2062 957 2094 8.
982 2081 1024 2085 -—
1049 2065 1174 2104 ornati,
1199 2063 1431 2102 allgemeiner:
1456 2063 1515 2093 mit

105 2107 157 2147 39,
183 2107 219 2138 4:
239 2108 396 2140 ordinare
415 2119 548 2140 omnem
570 2110 771 2140 emercitum.

103 2170 148 2174 —
171 2155 372 2193 centuriata,
399 2153 511 2184 stellte
530 2153 577 2184 sie
597 2154 627 2184 in
647 2153 772 2185 Centu-

105 2196 187 2236 rien,
207 2206 232 2227 s,
249 2196 301 2235 22,
321 2197 373 2237 38,
389 2197 426 2235 33
445 2202 515 2229 erst
529 2208 556 2229 c.
573 2197 624 2239 24,
646 2198 684 2229 13
704 2203 772 2229 tre-

105 2245 160 2272 ten
185 2241 232 2272 sie
256 2241 286 2271 in
306 2242 356 2272 die
375 2241 560 2281 Legionem
585 2243 636 2274 die
654 2243 771 2274 volun-

105 2286 182 2317 tarii
206 2286 279 2316 siud
301 2286 372 2317 also
396 2287 557 2318 romische
576 2287 719 2327 Biirger,
745 2298 771 2319 s.

105 2329 159 2369 28,
178 2330 232 2369 46,
253 2330 281 2361 1.
300 2348 344 2354 —
361 2342 406 2363 eoe
419 2332 473 2370 iis,
493 2342 524 2362 n.
541 2333 602 2363 den
620 2332 774 2364 volunta-

105 2376 168 2407 riis
187 2375 380 2416 iiberhaupt.
397 2394 441 2398 -—
457 2377 621 2416 inermes,
646 2377 697 2408 bei
714 2378 774 2408 der

105 2420 364 2460 regelm'zissigen
377 2421 578 2461 Aushebung
589 2422 701 2452 wurde
716 2422 775 2453 der

107 2464 492 2505 Einzelnesogleichder
502 2465 774 2507 &Vaffengattung

107 2510 392 2550 zugewiesen,der
406 2520 443 2541 er
459 2512 646 2550 angehdreu
662 2512 773 2551 sollte,

106 2555 171 2585 und
188 2555 279 2586 hatte
299 2555 365 2586 sich
384 2555 489 2586 selbst
511 2557 569 2587 mit
584 2555 714 2587 &Vaffen
734 2567 774 2587 zu

107 2600 282 2630 vet-seben.
302 2600 421 2631 Beides
432 2600 532 2632 findet
549 2601 669 2632 beiden
680 2600 774 2632 Frei-

107 2643 254 2683 willigen
279 2645 367 2676 nicht
386 2650 484 2684 statt3
512 2646 596 2677 deun
622 2646 698 2677 dass
723 2646 774 2677 die

178 2698 237 2725 Tit.
259 2698 316 2727 Liv.
337 2699 385 2726 VI.
417 2699 445 2728 2.
467 2700 543 2728 Auss.

843 2109 941 2139 allem
960 2107 1126 2148 No'tliigen
1145 2109 1321 2146 versehen,
1341 2107 1394 2143 24,
1413 2106 1467 2147 48,
1484 2107 1513 2138 7.

843 2172 887 2175 —
908 2153 1043 2195 procul,
1069 2153 1245 2184 attributiv
1269 2163 1309 2182 zu
1334 2151 1455 2182 militia
1470 2166 1515 2177 =

831 2199 928 2240 *Ietae
938 2197 1059 2240 procul
1070 2197 1204 2238 agenda
1216 2200 1318 2234 esset3
1335 2196 1425 2229 Val.:
1441 2196 1513 2227 lon-

842 2245 963 2284 ginqui
985 2245 1018 2273 et
1039 2242 1222 2284 periculosi
1243 2242 1328 2273 belli.
1347 2259 1389 2264 —
1407 2252 1514 2283 ange-

846 2290 918 2326 bat,
944 2287 1003 2327 21,
1031 2287 1067 2328 l,
1085 2287 1115 2325 5,
1133 2287 1200 2325 vgl.
1221 2297 1248 2317 c.
1267 2286 1298 2326 6,
1317 2286 1346 2317 7.
1365 2304 1409 2308 -
1427 2289 1514 2317 tam-

846 2343 945 2375 quam
975 2347 1019 2357 ε
1041 2335 1079 2363 ut
1100 2332 1241 2363 horrere
1261 2331 1408 2362 solemus
1428 2341 1513 2372 gra-

845 2388 935 2416 vem,
961 2388 986 2408 S.
1013 2377 1048 2415 2,
1073 2376 1109 2414 2,
1134 2375 1165 2407 9.
1183 2394 1227 2398 -
1244 2378 1321 2414 sibi,
1346 2376 1409 2406 ihm
1429 2375 1514 2406 offen

846 2423 1017 2462 gestehen.
1041 2439 1086 2443 —
1101 2422 1171 2452 iam
1189 2423 1229 2460 t.,
1255 2421 1360 2460 gleich
1379 2420 1514 2460 damals,

842 2467 941 2507 jetzt.
954 2485 999 2489 ——
1012 2476 1087 2497 eum
1102 2467 1130 2497 b.
1149 2476 1190 2506 tu,
1205 2476 1230 2496 s.
1246 2476 1272 2496 c.
1291 2465 1341 2503 17,
1356 2464 1394 2504 63
1414 2466 1445 2506 7,
1460 2465 1514 2506 41,

848 2512 886 2549 3;
905 2511 957 2549 28,
977 2511 1028 2553 37,
1043 2511 1080 2546 4;
1100 2521 1175 2542 cam
1189 2512 1274 2542 bona
1285 2521 1367 2553 pace
1381 2521 1412 2541 u.
1426 2520 1455 2541 a.
1470 2528 1515 2532 —-

844 2566 1002 2599 prowm,
1012 2566 1037 2587 s.
1047 2555 1163 2587 Donat.
1174 2566 1215 2586 zu
1225 2555 1362 2586 Terent.
1375 2555 1513 2597 Adelph.

849 2602 879 2640 5,
899 2600 934 2640 3,
954 2600 1011 2632 38:
1034 2611 1179 2643 prorsas
1197 2604 1310 2632 autem
1328 2603 1434 2640 certe,
1457 2610 1514 2631 re—

849 2648 899 2677 cte
915 2656 954 2678 ae
972 2656 1047 2678 vere
1060 2646 1241 2687 significat.
1255 2664 1300 2669 —
1312 2645 1393 2677 velit
1403 2663 1446 2668 —
1461 2656 1514 2677 es-
