1784 2967
223 221 303 261 278

642 219 772 271 ¹LIBER
797 220 925 254 XXIX.
966 221 1058 255 CAP.
1088 221 1208 254 17.18.

1472 238 1499 256 a.
1515 238 1542 256 u.
1568 230 1630 257 550.

152 332 189 363 17
220 327 482 375 asportantur,
512 322 727 373 ploratibus
750 328 902 363 sonant.
941 324 1103 364 miretur
1127 324 1191 376 qui
1209 324 1316 371 sciat,
1338 335 1413 374 quo
1431 323 1549 363 modo
1567 328 1633 364 aut

220 392 293 419 nos
329 380 376 418 ad
405 379 630 429 patiendum
659 379 916 427 sufficiamus,
944 386 1010 420 aut
1036 381 1141 429 illos,
1171 381 1236 432 qui
1263 380 1424 426 faciunt,
1453 381 1630 420 nondum

219 441 411 475 tantarum
438 435 665 474 iniuriarum
687 437 842 476 satietas
864 437 1019 488 ceperit.
1056 450 1181 489 neque
1202 450 1272 488 ego
1295 437 1427 487 exequi
1450 449 1628 488 possum,

219 504 290 531 nec
317 490 426 530 vobis
449 503 588 542 operae
609 497 670 531 est
689 493 838 540 audire,
870 494 1010 545 singuli
1031 507 1126 546 quae
1147 494 1253 546 passi
1275 505 1429 532 sumus:
1452 506 1631 533 commu-

156 557 195 588 18
224 548 324 586 niter
345 547 473 586 omnia
496 548 716 600 amplectar.
757 562 855 600 nego
878 550 1038 590 domum
1062 551 1177 590 ullam
1197 550 1350 596 Locris,
1370 561 1469 600 nego
1493 562 1630 601 quem-

217 616 332 655 quam
354 603 551 642 hominem
574 611 770 657 expertem
787 606 946 645 iniuriae
961 619 1063 655 esse3
1085 620 1182 658 nego
1200 607 1319 646 ullum
1339 618 1460 656 genus
1478 606 1631 646 sceleris

216 659 400 715 lubidinis
438 661 614 701 avaritiae
649 674 874 713 superesse,
903 664 1007 713 quod
1042 664 1083 702 in
1117 664 1214 711 ullo,
1244 663 1307 714 qui
1343 663 1421 714 pati
1450 663 1631 714 potuerit,

147 725 187 757 19
216 716 534 767 praetermissum
557 719 618 757 sit.
660 718 718 757 vix
745 719 842 758 ratio
864 719 951 757 iniri
973 724 1120 770 potest,
1143 725 1228 759 uter
1249 732 1361 759 casus
1391 719 1551 758 civitatis
1580 719 1632 759 sit

217 773 497 820 detestabilior,
527 786 614 813 cum
646 775 780 814 hostes
801 775 899 814 bello
921 776 1057 814 urbem
1080 789 1228 827 cepere,
1251 788 1299 815 an
1321 788 1410 814 cum
1431 776 1630 815 exitiabilis

145 837 187 869 20
215 835 402 881 tyrannus
424 830 458 868 vi
481 834 595 882 atque
616 831 735 870 armis
759 832 968 883 oppressit.
1000 833 1143 880 omnia,
1166 845 1261 883 quae
1278 837 1409 883 captae
1427 832 1540 871 urbes
1559 845 1627 884 pa-

215 886 376 931 tiuntur,
399 886 505 937 passi
532 900 669 926 snmus
692 892 729 927 et
750 900 837 926 cum
860 888 1024 927 maxime
1045 888 1227 939 patimur,
1250 894 1378 939 patres
1400 889 1630 940 conscript13

217 942 358 989 omnia,
388 955 485 993 quae
506 943 764 983 crudelissimi
786 949 899 995 atque
919 945 1236 996 inportunissimi
1256 945 1408 996 tyranni
1429 945 1569 984 scelera
1589 946 1631 984 in

217 1011 434 1050 oppressos
464 999 554 1039 civis
584 1001 720 1047 edunt,
751 1001 961 1040 Pleminius
990 1001 1029 1040 in
1058 1014 1132 1041 nos
1161 1001 1383 1052 liberosque
1410 1005 1570 1040 nostros
1593 1006 1632 1041 et

137 1113 190 1154 18

166 1344 184 1375 3

220 1056 403 1107 coniuges
427 1056 555 1096 edidit.
567 1062 586 1077 ‘⁶

331 1112 488 1158 „Unum
515 1119 592 1160 est,
622 1113 668 1152 de
696 1126 771 1164 quo
800 1113 1031 1153 nominatim
1059 1119 1095 1153 et
1121 1125 1195 1152 nos
1229 1113 1337 1164 queri
1358 1113 1489 1164 religio
1512 1113 1628 1153 infixa

216 1168 345 1207 animo
368 1175 491 1219 cogat,
514 1175 551 1208 et
566 1183 635 1209 vos
651 1170 784 1209 audire
799 1175 836 1209 et
848 1170 1043 1209 exsolvere
1055 1183 1135 1209 rem
1149 1170 1340 1222 publicam
1355 1176 1521 1209 vestram
1540 1170 1629 1209 reli-

168 1234 187 1265 2
218 1225 351 1275 gione,
374 1225 406 1264 si
428 1225 477 1264 ita
498 1226 608 1265 vobis
630 1226 830 1271 videbitur,
852 1227 1026 1274 velimus,
1048 1232 1177 1278 patres
1202 1227 1422 1277 conscripti.
1463 1226 1628 1266 vidimus

217 1281 334 1328 enim,
358 1294 444 1320 cum
463 1288 603 1333 quanta
621 1283 853 1322 caerimonia
870 1295 950 1322 non
967 1289 1119 1322 vestros
1137 1283 1264 1322 solum
1283 1283 1416 1322 colatis
1434 1283 1544 1330 deos,
1561 1283 1630 1322 sed

215 1337 329 1376 etiam
361 1343 541 1378 externos
564 1339 772 1390 accipiatis.
811 1339 946 1379 fanum
967 1345 1026 1381 est
1053 1340 1154 1390 apud
1177 1351 1250 1378 nos
1272 1339 1551 1390 Proserpinae,
1580 1339 1628 1378 de

215 1394 324 1433 cuius
352 1395 553 1434 sanctitate
580 1396 714 1447 templi
743 1396 857 1435 credo
887 1397 1052 1448 aliquam
1081 1396 1223 1435 famam
1245 1396 1292 1435 ad
1312 1408 1380 1435 vos
1403 1395 1627 1447 pervenisse

213 1518 243 1557 8,
263 1518 302 1556 83
326 1519 390 1549 und
409 1518 490 1549 auch
508 1527 547 1549 an
565 1529 596 1549 u.
615 1518 664 1549 St.
683 1518 812 1549 scheint
829 1519 881 1550 ein

212 1562 336 1594 Fehler
357 1564 399 1594 i1n
417 1562 526 1594 Texte
551 1574 592 1594 zu
616 1563 741 1603 liegen,
766 1564 805 1594 da
830 1564 881 1594 die

212 1608 288 1640 Hss.
303 1609 383 1648 ,l'm'l
407 1609 550 1650 virginis
574 1608 690 1639 baben.
708 1626 750 1630 -
765 1608 882 1652 plora-

213 1656 279 1695 tas,
297 1652 345 1685 oft
362 1664 424 1684 von
446 1653 575 1684 Frauen
594 1654 658 1684 und
675 1651 834 1694 Kindern,
854 1664 880 1684 s.

212 1698 480 1738 2o‚13,13;i1›.
499 1698 528 1739 9,
547 1698 564 1729 7
584 1709 615 1729 u.
634 1708 663 1729 a.

260 1743 414 1775 17—18.
478 1746 640 1782 miretur,
704 1744 881 1785 potentini:

212 1789 341 1820 mo'cbte
366 1789 434 1820 sich
461 1789 527 1819 wol
545 1788 716 1825 wundern,
731 1788 784 1828 34,
803 1788 832 1829 9,
849 1788 880 1821 4.

211 1853 256 1858 —
269 1835 366 1875 scial,
386 1834 448 1864 wie
467 1833 522 1873 27,
536 1833 588 1872 35,
607 1833 641 1864 4:
660 1835 802 1872 sciren&
822 1835 882 1865 der

213 1879 412 1920 Conjunetiv
436 1879 496 1910 wie
521 1878 571 1910 bei
590 1881 629 1918 si,
649 1878 686 1910 Z.
704 1878 725 1920 ξ
743 1879 820 1910 524.
837 1897 881 1902 ——

207 1926 360 1966 faciunt,
379 1925 464 1955 dazu
482 1924 526 1955 ist
544 1924 606 1955 wie
626 1935 667 1955 zu
681 1924 880 1967 patiendam

212 1981 271 2002 aus
294 1971 367 2001 dein
391 1969 484 2009 Folg.
508 1970 653 2001 iniurias
674 1980 716 2000 zu
740 1969 879 2000 denken.

212 2033 256 2038 —
274 2025 395 2058 operae
416 2025 461 2055 e.,
489 2013 542 2054 21,
567 2014 598 2054 9,
622 2014 652 2045 3.
671 2032 713 2037 --
731 2024 880 2046 commu-

211 2062 310 2100 niter,
329 2060 396 2100 vgl.
415 2059 480 2090 Cic.
499 2058 598 2090 Verr.
614 2059 643 2099 21,
666 2059 693 2097 1,
715 2059 748 2090 1:
769 2070 881 2100 genus

210 2107 324 2148 ipsum
341 2123 384 2127 —
402 2105 611 2146 cognoscite,
631 2105 712 2135 auch
732 2104 772 2135 im
788 2104 882 2144 Folg.

211 2151 342 2182 scheint
366 2149 402 2180 L.
428 2150 518 2181 diese
542 2149 647 2180 Stelle
672 2149 882 2181 beriicksich-

211 2196 274 2236 tigt
304 2206 345 2226 zu
374 2195 490 2226 haben.
520 2213 565 2217 —
587 2193 786 2237 amplectar,
815 2195 881 2235 vgl.

212 2240 279 2272 Cic.
299 2240 399 2272 Tusc.
419 2240 449 2278 2,
472 2240 522 2279 15,
541 2239 600 2270 30:
627 2239 716 2281 quod
732 2239 820 2271 idem
837 2258 881 2263 ——

210 2287 346 2318 virtutis
359 2287 492 2316 nomine
504 2284 758 2328 ampleetc'nmr3
775 2285 880 2316 hiiufi-

212 2341 272 2370 ger
301 2331 346 2362 ist
373 2330 555 2374 complecti.
578 2347 622 2353 —-
647 2331 682 2361 in
702 2330 784 2369 ullo,
809 2340 879 2362 s.c.

216 2375 266 2415 16,
287 2377 316 2408 5.

261 2420 413 2452 19—20.
441 2420 641 2461 Steigerung
658 2421 716 2451 des
730 2419 880 2452 Vorher-

213 2466 301 2505 gelr:
328 2466 486 2497 wiibrend
514 2471 609 2497 sonst
637 2466 708 2496 eins
737 2466 797 2496 der
825 2475 880 2496 er·-

214 2510 366 2541 wiihnten
390 2510 493 2542 Uebel
524 2522 564 2542 zu
592 2511 710 2541 dulden
740 2508 794 2541 fiir
821 2511 879 2541 das

215 2554 372 2585 Hiirteste
398 2556 551 2595 gelialten
570 2557 669 2593 wird,
695 2556 803 2587 leiden
820 2556 880 2586 wir

214 2598 319 2629 beide.
334 2602 480 2632 —ratio
493 2603 548 2643 ίη.,
568 2601 754 2642 berechnet,
774 2611 881 2640 gennu

215 2644 378 2675 erniittelt
404 2646 538 2677 werden
568 2645 665 2678 kann.
688 2664 732 2669 —
755 2647 880 2687 omnia,

953 1519 1011 1550 das
1028 1519 1224 1561 Asyndeton
1243 1519 1429 1558 steigernd:
1448 1519 1511 1550 wir
1524 1519 1625 1559 dage-

952 1573 1015 1603 gen
1030 1574 1061 1595 u.
1077 1574 1103 1595 S.
1119 1574 1207 1596 w.—
1219 1565 1406 1607 inportari„
1426 1564 1628 1596 riicksicbts-

956 1610 1026 1649 los,
1052 1609 1253 1651 despotiscb,
1271 1609 1333 1640 wie
1351 1619 1388 1640 es
1408 1609 1436 1649 1,
1456 1608 1508 1648 59,
1527 1608 1546 1640 8
1565 1619 1624 1650 ge-

955 1654 1118 1685 schildert
1135 1655 1190 1685 ist.

1004 1692 1071 1731 18.
1100 1697 1210 1729 1-2.
1243 1698 1310 1729 Der
1339 1700 1473 1738 gr'o'sste
1503 1698 1626 1730 Frevel

957 1745 1001 1775 ist
1024 1754 1064 1775 an
1089 1744 1162 1775 dem
1186 1742 1323 1785 Tempel
1346 1744 1405 1775 der
1426 1743 1628 1786 Proserpina

956 1789 1124 1830 begangen
1159 1789 1307 1820 worden.
1341 1807 1386 1811 —
1416 1791 1626 1830 nominatim,

954 1845 1038 1874 ganz
1074 1835 1275 1874 besonders,
1304 1833 1556 1876 ausdriickch,
1583 1835 1625 1866 im

955 1879 1166 1920 Gegensatze
1215 1890 1257 1910 zu
1303 1881 1538 1911 communiter.

952 1927 1075 1964 animo,
1091 1935 1116 1956 s.
1135 1923 1188 1962 28,
1208 1924 1259 1963 19,
1281 1923 1332 1964 13,
1351 1923 1416 1964 vgl.
1440 1923 1488 1964 16,
1510 1924 1549 1955 14
1567 1924 1627 1957 do-

952 1980 1058 2002 mum.
1083 1987 1126 1992 —
1149 1968 1329 2010 religione,
1359 1969 1517 2008 religiose
1536 1969 1626 2001 Ver-

954 2015 1151 2057 pssiebtung,
1170 2024 1196 2045 s.
1217 2013 1246 2052 2,
1267 2013 1319 2052 32,
1339 2013 1357 2043 2
1377 2014 1475 2045 oder:
1502 2013 1625 2049 Siinde.

955 2060 1057 2091 Fluch
1083 2059 1145 2089 wie
1173 2058 1223 2098 10,
1247 2058 1299 2100 40,
1321 2058 1376 2089 11:
1400 2061 1435 2090 in
1458 2062 1625 2090 semet—

955 2106 1069 2148 ipsum
1102 2103 1301 2145 religionem
1329 2105 1464 2143 7²ece'pz't3
1503 2105 1626 2135 vor-her

955 2150 999 2181 ist
1031 2148 1150 2190 religio
1183 2148 1304 2179 anders
1337 2149 1527 2188 gebi-nuent.
1575 2148 1625 2180 Zu

955 2194 1130 2226 exsolvere
1158 2193 1243 2224 kann
1274 2193 1362 2225 nicht
1387 2194 1480 2225 mehr
1503 2193 1624 2236 dequo

954 2240 1093 2280 gedacht
1117 2239 1268 2278 werden,
1294 2239 1356 2269 wie
1375 2249 1416 2269 zu
1433 2238 1563 2271 audire.
1581 2258 1624 2262 -—-

953 2295 1027 2316 cum
1046 2296 1074 2326 q.
1094 2294 1200 2323 caeru,
1225 2283 1287 2314 wie
1306 2282 1354 2315 oft
1371 2294 1446 2315 eum
1464 2294 1566 2323 cura3
1591 2283 1623 2322 8,

954 2329 1007 2369 25,
1026 2329 1082 2360 12:
1105 2340 1181 2361 eum
1204 2331 1327 2369 quanto
1342 2329 1455 2361 studio
1475 2340 1505 2360 u.
1529 2329 1560 2360 ii.
1579 2347 1622 2351 —-

953 2378 1126 2414 eoeternos,
1141 2375 1301 2405 zun'a'clist
1318 2375 1369 2405 die
1388 2374 1497 2405 Mater
1513 2373 1622 2415 Idaea,

1661 841 1702 873 10

1660 1123 1700 1154 15

1656 1401 1700 1434 20

955 2420 1104 2460 obgleich
1123 2420 1204 2450 auch
1223 2420 1346 2450 andere
1361 2418 1479 2450 Gb'tter
1496 2420 1526 2450 in
1541 2419 1621 2451 Rom
1682 2429 1685 2432 ·

954 2463 1135 2496 Anfnahme
1154 2463 1285 2503 funden,
1304 2474 1332 2495 s.
1349 2465 1379 2502 5,
1399 2464 1451 2495 21.

1000 2510 1112 2541 3-4,
1136 2510 1275 2551 sunum,
1294 2510 1365 2540 hier
1381 2519 1545 2552 synonym
1561 2509 1621 2541 mit

953 2556 1024 2586 deni
1053 2556 1084 2586 in
1115 2555 1175 2586 den
1203 2554 1411 2586 Relativsatz
1441 2555 1620 2585 erkliirend

953 2605 1171 2640 zugesetzten
1196 2599 1371 2642 templum,
1396 2609 1422 2630 s.
1450 2599 1478 2639 1,
1503 2599 1556 2637 45,
1580 2598 1618 2638 2;

954 2649 1049 2677 sonst
1065 2645 1109 2677 ist
1127 2655 1162 2677 es
1180 2655 1242 2676 nur
1259 2646 1319 2677 der
1332 2643 1386 2675 fiir·
1403 2644 1499 2675 einen
1518 2643 1618 2676 Tem-
