1784 2967
223 464 261 496 15

291 301 316 339 4
717 297 843 330 LIBER
868 296 1009 330 XXVII.
1057 296 1150 329 CAP.
1180 296 1207 327 1.
1236 296 1266 328 2.

1554 312 1579 329 a.
1592 312 1619 330 u.
1634 305 1695 330 544.

291 402 466 441 traducta
498 400 684 447 incendit;
717 400 855 440 occidit
881 400 1097 451 principes,
1124 400 1191 450 qui
1217 410 1305 437 cum
1333 396 1465 437 Fulvio
1495 397 1700 449 conloquia

293 459 440 497 occulta
460 457 643 496 habuisse
665 457 853 508 comperti
873 461 977 495 sunt.
1014 455 1191 502 Romani,
1213 454 1278 506 qui
1299 467 1344 493 ex
1364 457 1469 493 tanta
1486 453 1591 492 clade
1607 467 1700 494 eva-

292 519 441 561 serant,
471 514 632 553 diversis
664 514 863 553 itineribus
891 525 1102 552 semermes
1124 512 1170 551 ad
1192 511 1415 550 Marcellum
1438 510 1637 550 consulem
1660 511 1699 550 in

292 571 494 611 Samnium
518 570 782 622 perfugerant.

403 628 601 667 Marcellus
622 627 717 666 nihil
734 626 947 666 admodum
964 631 1071 665 tanta
1089 624 1193 664 clade
1208 624 1364 663 territus
1381 624 1516 664 litteris
1534 625 1700 664 Romam

293 684 340 723 ad
369 689 547 723 senatum
575 684 622 722 de
652 684 748 723 duce
774 689 811 721 et
837 682 1004 721 exercitu
1035 682 1081 721 ad
1103 681 1347 720 Herdoneam
1376 681 1522 720 amisso
1546 681 1702 727 scribit,

293 746 462 780 ceterum
484 740 648 779 eundem
673 753 727 785 se,
751 738 816 790 qui
837 743 929 789 post
945 738 1183 777 Cannensem
1203 749 1373 789 pugnam
1389 737 1560 777 ferocem
1578 737 1700 777 victo-

293 798 347 836 ria
369 797 621 836 Hannibalem
645 795 903 842 contudisset,
932 794 986 833 ire
1008 795 1195 833 adversus
1217 807 1324 840 eum,
1347 793 1501 833 brevem
1524 794 1574 833 illi
1594 794 1702 833 laeti-

293 854 396 901 tiam,
418 866 491 904 qua
513 853 666 899 exultet,
690 852 894 891 facturum.
927 855 966 890 et
980 851 1126 890 Romae
1142 850 1298 902 quidem
1316 863 1403 889 cum
1421 850 1547 890 luctus
1565 851 1702 901 ingens

294 923 338 948 ex
359 909 566 961 praeterito
581 940 589 955 ,
618 914 701 948 tum
723 908 842 947 timor
863 908 902 946 in
921 907 1097 947 futurum
1119 912 1212 946 erat.
1255 907 1392 946 consul
1414 920 1459 946 ex
1482 908 1642 947 Samnio
1664 909 1705 946 in

294 967 472 1006 Lucanos
500 971 769 1017 transgressus
798 965 844 1003 ad
867 964 1161 1003 Numistronem
1182 963 1223 1002 in
1244 969 1456 1014 conspectu
1479 963 1704 1003 Hannibalis

294 1024 378 1062 loco
401 1023 530 1074 plano,
553 1035 641 1061 cum
660 1022 817 1060 Poenus
840 1021 976 1060 collem
998 1025 1159 1066 teneret,
1182 1019 1316 1070 posuit
1333 1025 1468 1059 castra.
1507 1020 1652 1059 addidit
1668 1025 1704 1058 et

292 1080 403 1119 aliam
420 1078 572 1118 fidentis
591 1079 776 1130 speciem,
800 1078 903 1129 quod
925 1078 1034 1129 prior
1054 1077 1093 1115 in
1114 1076 1234 1115 aciem
1258 1076 1400 1123 eduxit,
1423 1088 1495 1115 nee
1515 1077 1703 1116 detracta—

293 1137 344 1176 vit
364 1136 574 1183 Hannibal,
602 1141 646 1174 ut
677 1135 787 1185 signa
818 1135 942 1186 portis
972 1133 1097 1173 efferri
1127 1133 1236 1172 vidit:
1266 1133 1316 1172 ita
1344 1137 1473 1172 tamen
1502 1133 1622 1172 aciem
1644 1133 1703 1172 in—

294 1197 530 1239 struxerunt,
552 1197 594 1231 ut
610 1192 766 1230 Poenus
785 1191 963 1230 dextrum
986 1202 1110 1230 cornu
1126 1190 1165 1229 in
1183 1189 1316 1228 collem
1335 1189 1509 1240 erigeret,
1531 1190 1699 1229 Romani

292 1250 495 1288 sinistrum
517 1249 563 1287 ad
586 1248 774 1299 oppidum
793 1247 1041 1299 adplicarent.
1073 1247 1120 1286 ab
1138 1247 1233 1285 hora
1250 1246 1359 1285 tertia
1377 1258 1465 1285 cum
1483 1246 1529 1285 ad
1546 1251 1704 1285 noctem

291 1376 476 1415 qui-suut,
502 1373 569 1413 vgl.
594 1372 653 1411 30,
680 1371 732 1412 39,
758 1372 790 1410 73
815 1372 961 1411 dagegen

292 1419 344 1459 42,
365 1418 417 1458 3S,
432 1418 467 1449 2:
487 1418 743 1460 quemsazffle-
753 1419 964 1460 compertum

292 1467 352 1495 est.
370 1481 414 1486 --
432 1463 573 1495 dnm-sis
589 1465 625 1494 (ί.
641 1467 717 1501 εἴα,
732 1463 879 1502 dagegeu
894 1463 962 1504 Ap-

293 1520 322 1551 p·
317 1519 367 1540 an
385 1509 408 1540 l
427 1509 468 1539 l..
495 1508 532 1540 οἱ
550 1508 677 1539 λοιποὶ
696 1504 731 1538 δ’
753 1506 787 1543 ἔς
804 1518 837 1538 τι
851 1518 963 1558 χωμα

294 1552 366 1597 πρὸ
386 1554 451 1584 τοῦ
455 1551 733 1605 στρατοπεδον
750 1549 964 1605 ἀναθορόν-

294 1610 349 1634 τες
373 1595 462 1630 αὐτό
488 1609 525 1631 τε
550 1597 736 1629 διέσωσαν
758 1617 800 1620 -
819 1597 879 1629 καὶ
898 1595 964 1629 τὸν

296 1643 396 1676 Ανν
381 1651 414 1685 ts)
404 1647 463 1676 31(ιι
457 1640 563 1676 ἰἒκώι1
570 1652 661 1675 uocat
671 1641 843 1684 λαβεῖν-τὸ
854 1650 963 1685 στοα-

293 1686 467 1721 τόπεδον.

338 1729 378 1766 2.
415 1734 523 1765 1—3.
554 1733 640 1766 nihil
655 1733 799 1773 admoti„
824 1733 914 1764 nicht
931 1733 963 1764 in

294 1781 408 1811 liobeln
433 1779 560 1819 Grade,
586 1779 675 1810 nicht
700 1778 900 1810 sonderlich.
921 1796 965 1801 —-

293 1828 458 1865 ceterum,
497 1826 574 1865 geht
606 1822 665 1856 auf
692 1826 835 1855 amisso:
870 1833 965 1855 wenn

295 1872 374 1902 auch
404 1871 515 1902 dieses
540 1870 629 1901 Heer
652 1870 807 1900 verloren
833 1869 898 1909 sei,
929 1879 964 1899 so

295 1917 405 1947 werde
430 1926 467 1946 er
491 1926 521 1946 u.
547 1926 574 1946 s.
599 1924 641 1946 w.
660 1934 695 1937 —
716 1915 878 1956 ferocem
894 1918 967 1945 ent-

297 1962 366 1992 liiilt
390 1961 541 2000 zugleicli
566 1961 639 1991 eine
659 1960 898 2000 Einr'ziumung,
922 1959 967 1990 ist

296 2007 385 2037 nicht
417 2007 546 2037 blosses
577 2005 744 2043 Attribut,
779 2005 881 2036 daher
913 2005 965 2035 die

295 2051 508 2090 Verbindung
528 2051 587 2080 mit
605 2051 675 2081 dem
694 2060 779 2080 nom.
799 2050 966 2091 proprium

295 2096 384 2127 nieht
421 2095 609 2126 aulfallend.
641 2113 685 2116 —
719 2096 851 2126 brevem
889 2099 964 2133 etc„

296 2140 588 2172 nuchdriickliches
636 2140 848 2181 Asyndcton,
897 2138 964 2178 vgl.

294 2186 375 2217 auch
395 2186 448 2226 25,
467 2185 520 2227 41,
541 2185 574 2216 1:
594 2184 784 2223 Uareellus,
803 2185 861 2225 qni
877 2183 965 2215 Han-

292 2231 433 2263 mbalem
447 2232 631 2262 szcbm'oeum
645 2240 662 2261 ι
665 2231 786 2261 ictoria
801 2228 969 2260 Cannensi

293 2278 333 2307 ab
352 2275 670 2319 onlaveppalesset
694 2274 753 2315 26,
777 2273 965 2315 51‚13.-

283 2323 480 2363 J'actu7'‚mn
500 2322 604 2352 wiec.
624 2320 651 2360 1,
669 2320 699 2351 (5,
715 2338 752 2342 ——
772 2322 819 2351 et-
808 2318 965 2361 -quz'dem,

294 2378 321 2398 5.
346 2378 373 2398 c.
398 2366 521 2406 3-1,9;
547 2365 680 2397 Plut.l.
704 2365 742 2396 l.:
769 2365 829 2396 καὶ
853 2364 965 2395 Ταῦτα

293 2411 363 2454 μὲν
380 2409 398 2443 ὁ
418 2408 555 2462 1ίβιός
572 2420 687 2454 ᾳησιι
704 2420 800 2460 scvay
804 2408 964 2441 νωσθέν-

294 2468 336 2487 τ(
369 2453 412 2487 τὰ
442 2466 645 2509 ῃριιμιιατα
675 2452 726 2506 μὴ
761 2455 822 2495 τῆς
849 2450 967 2494 λύπης

295 2498 456 2545 (ἒᾳελεῖι
477 2498 566 2532 ἄλλα
586 2501 636 2532 τῶ
655 2497 727 2544 (pop
716 2503 760 2542 ἕῳ
780 2500 965 2542 προσθεῖ-

294 2557 362 2588 ²¹c,‹a
382 2547 454 2578 τῶν
463 2533 654 2578 Ῥωμαίων
665 2546 792 2597 μεῖζον
804 2543 963 2595 ἡγουμέ-

296 2601 367 2623 vm
389 2592 452 2623 τοῦ
478 2602 544 2633 752¹
548 2588 677 2626 ονότος
694 2587 734 2621 τὸ
752 2600 810 2622 κη’
804 2586 962 2621 ’δυνειό-

294 2646 426 2685 μεῖον,
463 2634 538 2667 ὅσω
573 2637 674 2667 otoo),
678 2638 761 2677 3ίου
790 2636 963 2666 melnen!

297 2692 308 2710 ι
299 2691 341 2720 ην
360 2668 598 2723 Μάρκελλος,
619 2681 746 2712 scheint
764 2681 824 2712 den
843 2690 905 2711 xon
924 2679 961 2710 L.

296 2735 357 2755 nur
380 2727 621 2764 angedeuteten
648 2725 826 2757 Gedanken
844 2725 963 2757 weiter

1034 1369 1230 1412 ausgefiihrt
1243 1381 1285 1401 zu
1298 1370 1413 1410 haben,
1423 1370 1463 1401 da
1477 1370 1544 1402 sich
1559 1370 1706 1401 schwer-

1036 1416 1100 1448 lich
1124 1416 1305 1447 annehmen
1332 1415 1431 1456 liisst,
1463 1416 1540 1446 dass
1565 1415 1617 1446 die
1642 1424 1706 1445 von

1035 1462 1100 1493 ihm
1128 1461 1320 1501 gemachten
1351 1460 1498 1492 Zus'titze
1527 1470 1567 1491 an
1598 1470 1629 1491 u.
1658 1459 1708 1491 St.

1036 1505 1242 1546 ausgefallen
1267 1505 1378 1544 seien3
1404 1506 1487 1537 doch
1506 1505 1589 1537 wird
1608 1506 1709 1537 timor

1035 1554 1146 1584 maior
1163 1551 1364 1583 vermuthet.
1377 1569 1420 1573 —
1433 1552 1556 1592 ingens
1570 1551 1614 1582 ist
1627 1551 1709 1581 auch

1036 1597 1087 1629 bei
1110 1598 1213 1628 timor
1236 1596 1447 1636 zu'denken‚
1471 1596 1537 1635 vgl.
1558 1606 1585 1626 c.
1605 1595 1659 1636 29,
1677 1595 1709 1626 4.

1036 1653 1081 1674 επ
1101 1644 1209 1685 praet.
1228 1642 1423 1682 —1'nsu15.,
1442 1640 1509 1680 vgl.
1528 1640 1580 1680 30,
1604 1640 1654 1681 17,
1677 1639 1710 1672 1:

1035 1690 1069 1719 et
1096 1689 1130 1719 ιή
1157 1696 1320 1730 praesens
1349 1685 1475 1718 laetitia
1498 1689 1531 1718 et
1552 1686 1708 1727 insulu-

1036 1743 1113 1765 rum
1129 1743 1199 1775 spe.

1082 1778 1156 1808 4—
1164 1778 1196 1808 5.
1240 1776 1286 1807 ad
1318 1774 1532 1808 lami-‘Ustron
1544 1800 1551 1816 ,
1586 1775 1708 1807 ebenso

1038 1822 1224 1862 Plutarch,
1246 1821 1330 1853 Plin.
1350 1820 1380 1862 3,
1403 1821 1454 1861 11,
1473 1820 1531 1852 98:
1549 1821 1710 1853 mediter

1037 1866 1605 1901 ranei·Lucanorum—Voleentani
1624 1867 1663 1906 (s.
1682 1877 1708 1898 e.

1041 1914 1097 1953 15,
1118 1913 1166 1952 1),
1185 1914 1304 1954 quihus
1323 1910 1547 1944 Numestrani
1559 1913 1709 1953 iungam-

1039 1962 1111 1997 tur3
1132 1959 1171 1989 da
1190 1957 1361 1996 Hannibal,
1379 1967 1405 1988 s.
1425 1956 1445 1998 ξ
1467 1956 1524 1996 11,
1544 1957 1624 1988 nach
1642 1956 1709 1989 Ve-

1040 2004 1134 2035 nusia
1153 2003 1251 2041 zieht,
1271 2003 1315 2033 ist
1332 2002 1383 2033 die
1398 2002 1495 2033 stadt
1514 2002 1578 2032 wol
1596 2012 1634 2032 an
1650 2003 1711 2032 der

1040 2048 1171 2081 Grenze
1204 2047 1365 2088 Apuliens
1404 2047 1434 2077 in
1468 2046 1635 2077 Lucanien
1668 2057 1710 2078 zu

1039 2093 1173 2132 suchen,
1186 2092 1275 2123 nicht
1289 2092 1369 2122 nach
1378 2091 1530 2122 Auderem
1547 2092 1587 2122 irn
1598 2091 1709 2123 Laude

1039 2139 1097 2169 der
1115 2137 1274 2176 Bruttior,
1293 2136 1419 2167 siidlich
1438 2147 1502 2167 von
1521 2136 1709 2168 Consentia.

1037 2182 1250 2225 —fislentis,
1269 2183 1380 2212 seiner
1397 2181 1608 2222 Zuversicht,
1628 2182 1709 2214 h'au-

1039 2228 1123 2268 figer
1146 2228 1229 2259 wird
1251 2237 1288 2258 so
1313 2227 1372 2258 der
1394 2227 1529 2267 genitiv.
1548 2227 1633 2268 plur.
1651 2227 1709 2257 des

1038 2277 1122 2315 pat-t.
1141 2283 1249 2315 praes.
1268 2272 1460 2312 gebraucht,
1479 2282 1514 2303 so
1529 2271 1581 2313 23,
1600 2271 1655 2312 22,
1672 2272 1709 2310 73

1039 2319 1070 2358 5,
1090 2317 1142 2357 21,
1161 2318 1196 2349 11
1217 2329 1249 2349 u.
1266 2328 1298 2349 u.
1311 2336 1356 2340 -—
1369 2317 1550 2349 detrectav.
1567 2327 1596 2348 n.
1610 2327 1711 2360 proe-

1038 2364 1131 2395 llum.
1155 2381 1199 2385 —
1223 2367 1351 2401 tamen,
1375 2363 1574 2403 ungeachtet
1599 2363 1710 2393 dieser

1039 2408 1239 2440 Zuversicht
1257 2409 1378 2440 suchen
1394 2408 1474 2439 doch
1493 2406 1588 2438 beide
1607 2407 1710 2438 Feld-

1039 2455 1138 2485 herrn
1167 2453 1406 2495 Stiitzpunkte,
1436 2452 1609 2484 verlassen
1641 2453 1706 2483 sicli

1040 2499 1127 2530 nicht
1155 2499 1254 2530 allein
1289 2496 1347 2529 auf
1373 2498 1444 2529 ihre
1473 2497 1590 2528 neore.
1641 2497 1707 2528 Das

1039 2545 1200 2575 romische
1215 2544 1257 2575 ist
1271 2544 1333 2574 wie
1349 2553 1376 2574 c.
1392 2542 1404 2573 1
1423 2540 1635 2582 aufgeste11t3
1655 2542 1706 2572 die

1037 2588 1374 2620 Leiclitbewaffneten
1384 2587 1566 2618 ero'fl'neten
1576 2588 1632 2618 das
1643 2585 1708 2618 Ge-

1036 2633 1133 2665 feeht.

1082 2678 1113 2710 6.
1138 2681 1178 2711 ab
1193 2680 1474 2718 lzorat.-7100tem‚
1489 2677 1612 2708 ebenso
1626 2675 1707 2708 Plu-

1036 2725 1128 2755 tarch
1153 2724 1174 2756 1.
1200 2725 1221 2755 l.
1246 2720 1320 2755 ἀπὸ
1350 2719 1445 2765 ὥρας
1467 2723 1589 2765 τρίτης
1613 2730 1704 2764 συμ-

1736 913 1779 945 10

1735 1196 1771 1228 15
