1784 2967
225 454 240 483 Τ

705 288 831 321 LIBER
849 288 974 321 XXIV.
1009 288 1101 321 CAP.
1123 289 1173 320 12.
1196 288 1247 320 13.
1530 307 1554 323 a.
1572 306 1599 324 u.
1615 299 1676 324 540.

274 289 325 328 30

273 391 489 436 admovere,
513 392 557 438 Q.
582 390 741 430 Fabium
764 396 983 442 praetorem
1001 413 1054 418 —
1071 391 1104 429 is
1126 390 1224 429 filius
1242 391 1415 430 consulis
1433 397 1514 430 erat
1528 414 1584 419 —
1599 392 1677 430 Lu-

273 448 413 486 ceriam
431 447 602 486 Graccho
621 448 827 486 succedere
848 447 962 487 iubet.
1003 447 1040 485 in
1060 447 1227 485 Siciliam
1249 447 1386 486 eodem
1409 452 1583 499 tempore
1600 448 1676 487 duo

272 509 470 554 praetores
493 504 674 555 profecti,
703 504 744 542 P.
768 504 969 542 Cornelius
991 503 1036 541 ad
1065 504 1293 549 exercitum,
1325 504 1369 550 T.
1400 503 1582 543 Otacilius
1611 504 1676 555 qui

223 567 241 599 S
272 560 485 599 maritimae
507 573 596 599 orae
616 560 748 610 reique
770 560 889 598 navali
911 564 1122 610 praeesset.
1161 565 1198 598 et
1215 560 1328 599 ceteri
1346 560 1384 598 in
1402 572 1494 599 suas
1512 561 1675 611 quisque

192 731 243 770 13

218 908 236 940 10

269 616 490 667 provincias
512 616 693 667 profectu
716 621 752 654 et
773 616 911 667 quibus
929 620 1181 667 prorogatum
1199 616 1404 667 imperium
1421 622 1503 656 erat
1518 617 1673 656 easdem

270 685 364 724 quas
405 673 524 723 priori
547 685 648 712 anno
670 672 847 723 regiones
871 673 1130 711 obtinuerunt.

381 730 436 768 Ad
460 730 726 774 Hannibalem,
754 742 839 767 cum
863 729 908 768 ad
929 729 1051 767 lacum
1075 729 1213 766 Averni
1234 734 1348 775 esset,
1370 729 1539 780 quinque
1560 729 1675 767 nobi-

267 785 320 824 les
342 786 497 824 iuvenes
519 786 564 824 ab
587 787 751 825 Tarento
774 791 977 831 venerunt,
1008 785 1148 835 partim
1176 785 1222 823 ad
1245 785 1527 830 Trasumenum
1549 785 1673 824 lacum

267 842 406 893 partim
429 843 473 880 ad
497 842 646 881 Cannas
669 842 767 892 capti
796 841 1023 892 dimissique
1046 841 1186 880 domos
1209 854 1295 880 cum
1318 842 1450 881 eadem
1479 842 1672 888 comitate,

267 911 340 949 qua
361 911 457 937 usus
480 898 663 937 adversus
686 910 823 936 omnes
846 898 1111 936 Romanorum
1135 898 1264 937 socios
1290 899 1442 937 Poenus
1463 898 1599 937 fuerat.
1640 898 1673 937 ei

266 967 458 993 memores
481 955 759 993 beneficiorum
784 954 865 993 eius
883 955 1100 1005 perpulisse
1117 966 1295 1005 magnam
1313 960 1460 1006 partem
1479 967 1520 993 se
1537 955 1673 993 iuven-

264 1012 357 1050 tutis
381 1012 609 1049 Tarentinae
630 1011 815 1055 referunt,
846 1017 890 1049 ut
910 1011 1131 1049 Hannibalis
1155 1011 1360 1050 amicitiam
1383 1024 1427 1050 ac
1447 1011 1672 1050 societatem

266 1080 381 1118 quam
404 1067 539 1118 populi
562 1067 725 1105 Romani
748 1067 921 1112 mallent,
949 1068 1174 1117 legatosque
1195 1067 1242 1106 ab
1266 1068 1347 1106 suis
1370 1068 1514 1106 missos
1536 1079 1672 1117 rogare

264 1124 536 1169 Hannibalem,
565 1129 606 1162 ut
632 1123 842 1161 exercitum
872 1124 1034 1174 propius
1059 1123 1269 1162 Tarentum
1297 1124 1511 1163 admoveat.
1563 1124 1595 1162 si
1617 1124 1671 1162 si-

264 1193 336 1231 gna
365 1180 465 1226 eius,
496 1180 526 1218 si
550 1185 673 1218 castra
703 1185 910 1230 conspecta
934 1193 953 1218 a
975 1180 1143 1218 Tarento
1167 1179 1262 1225 sint,
1291 1181 1394 1219 haud
1416 1181 1532 1219 ullam
1550 1180 1670 1219 inter-

265 1249 461 1275 cessuram
485 1248 649 1281 moram,
674 1236 765 1286 quin
786 1236 881 1274 urbs
902 1238 942 1274 in
958 1242 1180 1286 potestatem
1201 1238 1281 1274 eius
1302 1237 1494 1275 tradatur.
1535 1237 1573 1274 in
1595 1249 1671 1287 po-

262 1298 399 1331 testate
426 1292 622 1331 iuniorum
651 1292 820 1342 plebem,
847 1292 885 1330 in
907 1304 1025 1330 manu
1047 1291 1170 1342 plebis
1192 1305 1273 1330 rem
1298 1292 1547 1331 Tarentinam
1571 1305 1668 1331 esse.

264 1349 451 1388 Hannibal
484 1349 734 1387 conlaudatos
757 1361 823 1387 eos
848 1354 1104 1398 oneratosque
1126 1348 1344 1399 ingentibus
1367 1349 1573 1400 promissis
1597 1349 1669 1387 do-

263 1418 369 1444 mum
398 1405 443 1443 ad
473 1411 607 1455 coepta
634 1405 862 1443 maturanda
889 1405 1014 1443 redire
1041 1404 1162 1442 iubet:
1191 1417 1232 1443 se
1254 1405 1293 1442 in
1314 1410 1491 1456 tempore
1513 1405 1668 1444 adfutu-

262 1474 347 1500 rum
371 1474 467 1500 esse.
508 1462 580 1500 hac
601 1473 688 1499 cum
711 1474 780 1511 spe
802 1460 952 1499 dimissi
974 1460 1180 1499 Tarentini.
1222 1460 1351 1511 ipsum
1374 1461 1508 1512 ingens
1526 1461 1666 1512 cupido

262 1518 473 1557 incesserat
493 1517 649 1556 Tarenti
673 1517 862 1568 potiundi.
898 1517 1033 1556 urbem
1057 1530 1142 1555 esse
1163 1517 1313 1556 videbat
1334 1530 1420 1556 cum
1445 1518 1667 1569 opulentam

260 1574 507 1624 nobilemque
540 1579 623 1612 tum
654 1573 885 1612 maritimam
914 1579 950 1612 et
976 1574 1015 1612 in
1042 1573 1305 1612 Macedoniam
1334 1580 1556 1625 opportune
1583 1587 1667 1613 ver-

260 1643 359 1677 sam,
387 1643 594 1681 regemque
615 1630 836 1681 Philippum
858 1630 963 1669 hunc
982 1635 1160 1680 portum,
1191 1630 1223 1668 si
1243 1630 1426 1669 transiret
1446 1631 1484 1669 in
1507 1631 1666 1678 ltaliam,

263 1766 344 1805 tigte
368 1765 529 1796 Hannibal
559 1776 598 1796 zu
628 1766 814 1805 umzingeln
846 1766 927 1796 oder

260 1821 301 1841 zu
320 1811 455 1841 hindei-n
480 1811 548 1841 sich
573 1811 603 1841 in
624 1810 818 1852 Campanien
844 1811 926 1842 noch

262 1854 368 1886 fester
391 1866 431 1886 zu
455 1860 582 1886 setzen.
609 1873 653 1877 —
683 1855 861 1887 Luceriam
882 1874 924 1878 ——

260 1910 360 1939 succ„
385 1911 423 1931 an
450 1901 539 1931 seine
564 1900 669 1931 Stelle
694 1902 774 1932 nach
800 1901 836 1932 L.
857 1901 928 1932 ein-

261 1946 394 1983 riicken,
414 1955 439 1977 s.
462 1956 488 1976 c.
513 1945 563 1983 10,
588 1945 623 1976 3:
658 1945 839 1983 Luceriam
872 1945 925 1984 27,

260 1990 312 2029 22,
332 1991 365 2021 5;
389 1990 433 2021 ad
449 1990 534 2021 duas
551 1990 700 2032 leg-iones
719 1991 925 2023 succederet.

304 2055 402 2086 7—8.
429 2055 505 2094 (Iao,
525 2054 576 2085 die
592 2054 706 2086 beiden
722 2066 748 2086 c.
768 2055 818 2095 10,
835 2056 853 2086 5
868 2055 926 2087 be-

258 2100 443 2138 stimmten3
477 2100 553 2130 dass
584 2100 664 2130 auch
696 2100 819 2141 Appius
851 2101 926 2132 dort

258 2145 375 2186 bleibt,
408 2145 496 2184 zeigt
525 2144 584 2174 der
606 2143 749 2175 Verlaul'
773 2146 832 2176 der
863 2144 927 2176 Gc-

258 2190 413 2227 schirhtc,
433 2199 458 2220 5.
480 2200 507 2220 c.
527 2188 578 2226 39,
602 2188 651 2220 12.
670 2191 925 2232 —prol'ecti—

254 2235 418 2278 profecti,
444 2234 494 2265 die
514 2232 778 2274 Wiederholung
795 2236 922 2267 ‹lessel-

255 2281 316 2311 beu
338 2278 476 2310 &Vortes
494 2278 545 2309 bei
563 2278 710 2318 gleiclien
730 2278 924 2320 Tli'zitigkei—

256 2330 311 2356 ten
338 2325 381 2356 ist
403 2324 455 2355 bei
480 2323 516 2355 L.
542 2323 632 2354 nicht
652 2324 771 2362 5611611,
791 2335 816 2355 s.
842 2325 873 2363 2,
892 2325 922 2365 4,

257 2370 294 2407 23
314 2370 355 2400 ib.
377 2369 428 2408 13,
447 2369 484 2407 43
511 2368 541 2407 8,
560 2367 613 2406 25,
639 2368 870 2408 6325,13‚2
891 2381 922 2402 u.

255 2425 284 2445 a.
308 2432 352 2437 —-
374 2416 542 2455 regiones,
572 2413 676 2445 locale
695 2413 924 2454 Bezeichnung

255 2460 314 2491 der
331 2460 531 2501 provinciae.

303 2520 368 2559 13.
399 2526 492 2558 1-2.
518 2529 559 2559 ab
582 2526 659 2560 Tar.
685 2537 712 2558 c.
735 2526 784 2568 12,
803 2526 839 2565 33
865 2527 923 2558 da-

256 2583 359 2612 gegeu
379 2572 422 2603 ist
439 2583 474 2603 es
492 2571 513 2613 ξ
531 2572 549 2602 3
569 2574 642 2603 ‘von
663 2571 701 2603 T.
719 2571 801 2603 aus'.
839 2571 923 2603 Tra-

256 2628 355 2655 smn.,
375 2627 401 2649 S.
421 2616 473 2658 22,
493 2618 521 2655 ἶ,
541 2618 570 2655 5,
590 2617 631 2648 ib.
649 2616 702 2656 53,
722 2617 751 2647 2.
771 2635 812 2639 —
831 2616 923 2658 lega-

257 2665 319 2699 tos,
338 2663 418 2693 auch
437 2663 518 2692 dazu
534 2663 652 2701 gehb‘rt
665 2673 710 2692 sc.
726 2680 767 2684 —
780 2663 922 2704 propius

255 2712 330 2744 etc„
345 2707 615 2738 wahrscheinlich
631 2708 741 2738 hatten
758 2708 805 2737 sie
818 2707 920 2737 Hann.

999 1765 1081 1796 noch
1099 1764 1152 1796 bei
1170 1765 1251 1807 Arpi
1275 1775 1316 1796 zu
1333 1765 1441 1797 finden
1461 1765 1593 1806 gehofft.

1044 1810 1144 1841 3-4.
1159 1811 1237 1852 quin
1257 1815 1332 1851 etc„
1351 1821 1377 1842 s.
1397 1810 1449 1853 22,
1470 1810 1520 1849 13,
1539 1809 1668 1842 3.-1ἠ

999 1858 1068 1898 pot.
1090 1866 1116 1886 e.
1128 1858 1161 1895 t„
1176 1855 1562 1896 unsichereErgiinzung
1575 1856 1668 1887 einer

998 1900 1121 1939 Liicke,
1141 1910 1166 1931 s.
1187 1900 1207 1942 ξ
1225 1900 1259 1931 8:
1282 1900 1464 1932 tradendae
1480 1902 1593 1941 urbz's‚·
1613 1901 1666 1941 25,

1003 1945 1053 1985 15,
1073 1946 1108 1976 8:
1134 1956 1172 1976 se
1194 1947 1226 1976 in
1249 1948 1452 1988 potestatem
1476 1956 1592 1978 eorum
1609 1955 1668 1977 ur-

1000 1991 1073 2021 bem
1092 1990 1282 2021 tradituros
1302 2001 1393 2028 esse;
1415 1990 1446 2029 5,
1466 1990 1518 2031 27,
1537 1990 1574 2021 4:
1598 1990 1667 2022 Fa-

998 2036 1102 2066 lerios
1119 2045 1156 2066 se
1176 2036 1211 2066 in
1233 2045 1357 2067 manus
1379 2035 1540 2067 Romanis
1564 2035 1668 2067 tradi-

997 2080 1094 2120 disse,
1114 2080 1246 2120 quando
1265 2091 1321 2112 eos
1337 2090 1465 2123 pueros
1489 2099 1532 2103 —
1547 2082 1580 2111 in
1603 2091 1665 2123 po-

999 2128 1154 2156 testatem
1171 2124 1320 2162 dederi&
1343 2126 1426 2156 iiber
1442 2126 1494 2156 die
1510 2124 1666 2156 Wieder-

996 2170 1120 2210 holung
1141 2180 1204 2201 von
1226 2172 1379 2212 potestas
1403 2181 1429 2202 5.
1455 2181 1482 2202 c.
1508 2169 1559 2210 12,
1575 2170 1604 2201 7.
1621 2188 1666 2194 —

992 2215 1110 2258 plebis,
1119 2215 1186 2254 vgl.
1197 2214 1226 2255 8,
1237 2214 1290 2256 27,
1300 2214 1375 2246 6.—
1385 2218 1554 2255 oneratos,
1572 2225 1598 2247 s.
1610 2214 1665 2256 35,

999 2260 1050 2300 11,
1075 2259 1112 2298 63
1142 2259 1192 2299 10,
1219 2260 1268 2301 14,
1303 2259 1360 2291 12:
1382 2262 1560 2304 promissis
1589 2271 1666 2292 one·

996 2308 1100 2337 ratu.
1118 2315 1159 2345 a.,
1177 2315 1214 2336 so
1231 2304 1313 2336 wird
1333 2304 1382 2336 oft
1397 2307 1489 2337 mehr
1501 2306 1552 2337 die
1567 2305 1664 2337 Fiille

995 2350 1045 2381 als
1064 2350 1115 2381 die
1132 2349 1215 2381 Last
1231 2350 1435 2382 bezeichnet.

1039 2395 1068 2426 5.
1090 2395 1284 2438 opulentam
1303 2400 1377 2435 etc.,
1397 2397 1469 2427 eine
1481 2394 1662 2427 Gradation

997 2439 1103 2471 indem
1126 2439 1181 2471 fu'r
1204 2440 1241 2471 H.
1271 2441 1386 2472 immer
1417 2440 1663 2471 bedeutendere

995 2485 1058 2515 und
1078 2485 1274 2526 speciellere
1288 2485 1452 2517 Momente
1469 2485 1664 2516 hervortre-

995 2533 1061 2559 ton.
1081 2547 1125 2552 —
1148 2533 1318 2570 τηαν-ἰήνῃ,
1343 2529 1372 2569 3,
1399 2530 1427 2570 1,
1451 2531 1481 2570 5,
1512 2540 1550 2561 er
1572 2530 1663 2561 hatte

996 2584 1088 2604 zwar
1110 2575 1209 2606 sebon
1234 2575 1333 2606 Croto
1357 2575 1421 2606 und
1444 2575 1559 2613 Locri,
1583 2575 1664 2606 aber

996 2617 1120 2649 Tar-ent
1144 2620 1198 2651 bat
1231 2621 1325 2651 einen
1355 2620 1512 2651 besseren
1546 2617 1661 2657 Hafcn,

996 2662 1110 2704 Polyb.
1133 2663 1180 2704 10,
1202 2665 1229 2696 1.
1254 2683 1298 2688 —-
1331 2668 1459 2708 opport.
1485 2669 1560 2701 etc„
1581 2665 1662 2695 nach

995 2707 1120 2739 Maced.
1137 2709 1190 2739 hin
1208 2710 1272 2740 und
1287 2710 1422 2741 deshalb
1440 2710 1518 2741 sehr
1530 2709 1664 2750 giinstig

1705 905 1744 936 10

1702 1191 1740 1222 15

1696 1467 1767 1500 20·
