1784 2967
257 248 330 287 166

655 244 780 277 LIBER
806 245 960 279 xxvul.
1008 245 1101 277 CAP.
1132 246 1254 278 17.1s.

1493 261 1519 279 a.
1541 263 1569 281 u.
1590 256 1651 282 5118.

180 355 214 387 11
248 348 490 399 Hispaniam,
519 347 623 398 quod
649 347 750 386 freto
775 347 911 399 exiguo
929 347 1181 394 dirimuntur,
1212 347 1362 399 positis.
1402 347 1556 399 dignam
1578 348 1649 388 ita-

249 417 322 456 que
341 417 423 443 rem
446 403 576 454 Scipio
597 408 722 449 ratus,
752 417 867 454 quae,
897 404 1079 455 quoniam
1102 416 1183 443 non
1204 404 1312 443 aliter
1331 409 1487 455 posset,
1511 417 1649 455 magno

245 460 416 512 periculo
446 464 658 510 peteretur,
691 460 731 499 L.
760 460 901 499 Marcio
928 461 1164 507 Tarracone,
1193 461 1240 499 M.
1272 460 1403 499 Silano
1425 460 1652 512 Carthagine

245 529 356 563 nova,
379 528 456 566 quo
482 516 644 567 pedibus
661 516 708 556 ab
726 517 944 556 Tarracone
960 516 1164 556 itineribus
1182 517 1332 568 magnis
1349 516 1455 563 ierat,
1473 517 1518 555 ad
1538 529 1648 568 prae-

178 579 215 611 12
246 572 387 611 sidium
408 572 616 623 Hispaniae
636 573 795 620 relictis,
823 573 905 624 ipse
927 585 1015 612 cum
1037 573 1076 612 C.
1099 573 1226 612 Laelio
1249 573 1397 612 duabus
1420 573 1649 624 quinquere-

245 629 373 667 mibus
395 629 441 667 ab
463 629 692 680 Carthagine
715 629 913 680 profectus
935 629 1139 680 tranquillo
1163 630 1258 668 mari
1279 629 1502 681 plurumum
1518 629 1650 676 remis,

178 692 215 723 13
245 685 437 724 interdum
474 692 511 725 et
537 686 612 724 leni
640 685 841 724 adiuvante
870 690 983 724 vento
1014 685 1053 724 in
1081 686 1244 725 Africam
1272 685 1430 725 traiecit.
1470 685 1570 724 forte
1597 685 1650 725 ita

245 741 394 787 incidit,
422 746 463 780 ut
489 755 534 780 eo
566 742 653 792 ipso
676 747 851 792 tempore
874 741 1087 780 Hasdrubal
1109 743 1243 793 pulsus
1266 742 1469 793 Hispania,
1497 746 1648 793 septem

243 797 466 836 triremibus
504 803 660 848 portum
697 797 890 844 invectus,
926 797 1076 837 ancoris
1113 798 1250 849 positis
1285 804 1410 838 terrae
1439 798 1651 849 adplicaret

176 862 216 894 14
244 865 373 897 naves,
396 867 482 892 cum
505 858 736 904 conspectae
757 854 854 892 duae
870 853 1180 905 quinqueremes,
1202 855 1304 894 haud
1323 855 1500 906 cuiquam
1519 854 1649 902 dubio,

245 910 338 961 quin
362 908 535 949 hostium
557 915 707 956 essent,
730 910 976 961 opprimique
993 923 1012 949 a
1033 910 1219 962 pluribuS,
1241 912 1467 962 priusquam
1492 916 1650 961 portum

245 967 450 1012 intrarent,
479 971 663 1018 possent,
685 966 780 1005 nihil
801 966 901 1005 aliud
924 979 1036 1017 quam
1059 967 1268 1006 tumultum
1291 980 1334 1006 ac
1353 966 1648 1018 trepidationem

246 1023 360 1062 simul
389 1023 554 1062 militum
582 1036 625 1062 ac
651 1028 853 1061 nautarum
877 1023 1110 1074 nequiquam
1133 1035 1318 1074 armaque
1339 1029 1375 1062 et
1396 1035 1509 1061 naves
1531 1035 1649 1074 expe-

178 1088 216 1119 15
247 1079 431 1118 clientium
454 1080 639 1118 fecerunt.
680 1092 864 1130 percussa
882 1079 984 1118 enim
999 1092 1043 1118 ex
1062 1079 1137 1118 alto
1155 1079 1233 1117 vela
1250 1079 1363 1130 paulo
1381 1079 1518 1118 acriori
1536 1087 1648 1118 vento

245 1136 354 1186 prius
382 1135 422 1174 in
447 1141 605 1187 portum
627 1136 838 1174 intulerunt
858 1136 1176 1187 quinqueremeS,
1204 1148 1318 1186 quam
1340 1135 1463 1174 Poeni
1484 1147 1648 1174 ancoras

177 1199 217 1230 16
244 1192 492 1238 molirentur-,-
515 1204 586 1231 nec
616 1192 712 1230 ultra
740 1192 949 1231 tumultum
979 1193 1078 1231 ciere
1106 1192 1308 1243 quisquam
1337 1192 1376 1230 in
1403 1192 1508 1242 regio
1530 1196 1649 1242 portu

244 1247 416 1286 audebat.
460 1249 510 1287 ita
536 1249 576 1286 in
603 1253 744 1287 terram
774 1248 882 1298 prior
909 1248 1141 1293 Hasdrubal,
1173 1260 1264 1287 mox
1287 1247 1416 1299 Scipio
1440 1253 1477 1287 et
1496 1247 1647 1287 Laelius

167 1305 219 1343 18
243 1304 388 1354 egressi
424 1304 470 1343 ad
506 1317 635 1354 regem
668 1309 844 1355 pergunt.
888 1305 1207 1356 Magnificumque
1242 1304 1278 1343 id
1307 1304 1553 1355 Syphaci-
1578 1316 1648 1343 nec

242 1365 323 1399 erat
349 1360 456 1399 aliter
484 1384 538 1388 —
558 1360 705 1408 visum,
733 1361 900 1399 duorum
930 1361 1317 1412 opulentissimorum
1346 1373 1389 1399 ea
1418 1364 1647 1410 tempestate

243 1417 359 1455 duces
381 1417 617 1467 populorum
636 1429 713 1455 uno
736 1417 794 1455 die
815 1429 924 1456 suam
947 1429 1079 1468 pacem
1096 1416 1379 1467 amicitiamque
1401 1416 1564 1467 petentis
1581 1429 1645 1454 ve-

194 1482 213 1513 2
244 1473 359 1511 nisse.
401 1479 609 1524 utrumque
635 1473 674 1511 in
697 1473 912 1524 hospitium
939 1473 1088 1520 invitat;
1116 1478 1153 1511 et
1174 1473 1357 1524 quoniam
1377 1473 1459 1511 fors
1481 1485 1550 1511 eos
1573 1472 1645 1512 sub

244 1584 295 1624 13,
310 1584 343 1615 5:
360 1587 545 1627 opportune
558 1594 701 1616 versam.
712 1603 756 1607 -—
768 1586 904 1627 exiguo,

242 1639 304 1660 nur
321 1630 421 1660 durch
441 1634 504 1661 etc.
521 1647 565 1651 —
582 1629 808 1668 dire'muntnr,
830 1629 906 1660 weil

240 1685 281 1705 au
300 1674 357 1705 das
373 1674 461 1705 Laud
476 1675 616 1714 gedacht
630 1675 723 1713 wird,
742 1685 768 1705 s.
785 1674 836 1715 22,
854 1675 905 1713 15,

241 1719 271 1749 4.
301 1718 483 1759 Uebrigens
501 1720 666 1760 ists7·eto,
684 1719 830 1750 welches
845 1730 907 1750 nur

240 1764 298 1794 das
318 1763 512 1795 Gaditanum
537 1765 606 1795 sein
632 1765 734 1801 kann,
759 1765 907 1804 wenigcr

241 1818 347 1847 genau
369 1809 418 1840 nls
443 1809 461 1850 ξ
487 1810 523 1839 5:
550 1820 617 1850 qua
634 1828 675 1831 —
694 1812 761 1847 est,
787 1810 826 1840 da
848 1810 905 1840 das

242 1854 342 1884 heich
372 1854 429 1885 des
454 1854 589 1896 Syphax
618 1854 707 1886 nicht
735 1854 785 1885 bis
810 1855 906 1885 dahin

241 1899 381 1937 reichte,
420 1900 562 1930 sondern
597 1910 637 1931 an
675 1900 747 1931 dem
784 1898 905 1931 fretum

241 1943 376 1974 Mnuren
397 1945 563 1975 wohuten.

288 1988 429 2020 11—12.
456 1989 616 2031 Cartlzag.
635 2000 680 2028 η.,
705 1999 731 2020 s.
750 1990 776 2030 1,
798 1989 848 2027 18,
869 1989 903 2024 1:

241 2034 359 2064 auders
378 2034 407 2064 in
427 2034 485 2064 der
503 2034 672 2066 Periocha.
695 2053 737 2057 --
754 2034 904 2077 pedibu-9,

241 2089 282 2108 zu
302 2077 426 2108 Laude.
450 2096 493 2100 ——
515 2078 561 2110 ad
580 2089 709 2121 praes„
729 2079 780 2115 21,
801 2079 853 2117 1ἱο,
873 2080 902 2110 5.

240 2140 282 2145 —-
298 2123 444 2162 duabus,
463 2133 524 2153 nur
542 2124 635 2154 zwei.
654 2141 697 2145 —
713 2123 905 2162 adiuvante,

239 2169 289 2199 die
309 2166 544 2206 [tn-iogsschiffi·
565 2168 694 2199 ko'nuen
719 2169 785 2199 sich
802 2169 903 2199 neben

240 2214 301 2243 den
326 2212 457 2244 Rudern
481 2213 560 2244 auch
587 2213 645 2244 der
668 2213 766 2253 Sego!
793 2213 904 2244 bedie-

239 2268 312 2298 ueu,
336 2268 361 2288 s.
377 2257 430 2293 27,
456 2258 503 2297 15,
522 2258 540 2288 5
560 2269 620 2288 zur
637 2258 741 2289 Sache
759 2258 824 2298 vgl.
840 2258 905 2289 En—

237 2304 310 2333 nius
330 2303 378 2333 bei
398 2302 539 2333 Macrob.
560 2303 590 2341 G,
610 2302 638 2334 2.

289 2346 440 2378 13-16.
465 2348 596 2391 pulsas,
611 2348 650 2378 ob
665 2358 702 2378 er
715 2353 767 2379 est
781 2347 904 2378 damals

239 2404 250 2421 x
262 2404 301 2423 on
319 2392 439 2430 Gades,
454 2404 478 2424 s.
496 2404 522 2423 c.
544 2393 590 2431 lo,
607 2394 686 2424 nach
702 2391 818 2424 Afrika
833 2393 904 2423 kam

241 2438 302 2468 uud
337 2439 437 2468 sehon
463 2437 552 2477 jetzt
577 2439 637 2469 deu
669 2437 775 2478 Ho'nig
804 2438 902 2468 durch

240 2482 397 2513 Aussicht
437 2482 494 2513 aut·
525 2483 576 2513 dic
602 2482 816 2523 Verbindung
846 2484 904 2514 mit

239 2527 424 2568 Sophoniba
444 2538 483 2557 zu
499 2528 670 2567 gewinnen
687 2529 813 2565 suchte,
832 2538 859 2558 s.
874 2539 901 2558 c.

240 2571 291 2609 35,
311 2571 346 2609 ὅ,
367 2574 419 2611 21),
439 2572 491 2611 23,
511 2573 541 2611 4,
562 2573 643 2603 liissl
663 2573 728 2603 sich
749 2573 903 2603 nichter-

239 2616 378 2646 kcuueu.
403 2636 444 2638 —
467 2619 605 2659 posilt's,
630 2620 682 2657 29,
709 2618 760 2657 27,
790 2617 824 2648 ll
846 2619 903 2649 das

241 2661 503 2699 gewo‘hulicherc
533 2673 675 2694 ancoras
708 2666 828 2694 iacere.
862 2681 904 2685 -

978 1588 1100 1626 terrae,
1116 1585 1208 1616 mehr
1219 1584 1645 1625 dichterisch,gew6hnlich

977 1630 1023 1662 ad
1040 1633 1182 1668 terram,
1201 1630 1281 1660 auch
1299 1631 1332 1661 in
1351 1632 1385 1668 t.‚
1405 1640 1430 1661 s.
1449 1629 1501 1672 37,
1523 1628 1572 1671 12,
1596 1629 1650 1660 10..

978 1693 1021 1698 ——
1038 1677 1250 1718 conspectae,
1280 1675 1340 1705 der
1358 1674 1499 1705 Anblick
1522 1684 1646 1705 verau-

978 1720 1094 1751 lasste.
1112 1738 1157 1742 —
1170 1719 1262 1751 haud
1274 1730 1303 1751 c.
1317 1719 1427 1759 dubio,
1444 1717 1646 1750 einfreierer

979 1764 1152 1796 Gebrauoh
1181 1765 1238 1795 des
1269 1764 1343 1805 Adj.
1373 1765 1413 1795 im
1442 1764 1506 1795 abl.
1530 1764 1645 1806 absol„

978 1811 1059 1841 nach
1074 1810 1235 1849 Analogie
1250 1809 1309 1841 der
1323 1809 1510 1851 Participia,
1528 1808 1644 1841 audito

977 1866 1009 1886 u.
1027 1865 1069 1894 a.,
1085 1865 1111 1886 s.
1129 1854 1159 1892 G,
1179 1854 1232 1894 25,
1252 1855 1288 1893 53
1307 1865 1334 1885 c.
1354 1854 1478 1894 36,12:
1497 1856 1644 1887 incerto:

979 1900 1032 1939 26,
1051 1900 1103 1937 51,
1119 1899 1154 1930 6:
1174 1899 1371 1940 tranquil103
1390 1899 1443 1938 31,
1467 1899 1517 1937 12,
1537 1900 1569 1930 5:
1589 1910 1645 1930 se-

979 1955 1059 1976 reno
1087 1955 1149 1987 per
1179 1948 1286 1976 totum
1310 1944 1414 1983 diem,
1449 1944 1486 1975 Z.
1511 1943 1645 1986 §sal-w.

978 1989 1054 2020 (348.
1069 2008 1113 2012 -—
1125 1992 1322 2032 nequiquam
1336 1990 1427 2029 giebt
1440 1990 1643 2029 vorwegden

979 2033 1096 2074 Erfolg
1117 2045 1174 2073 an,
1196 2045 1221 2065 s.
1242 2034 1294 2071 22,
1313 2034 1366 2074 43,
1389 2035 1416 2065 1.
1434 2052 1468 2056 ——
1494 2037 1644 2076 portum,

978 2080 1023 2110 ist
1057 2079 1328 2110 wahrscheinlich
1359 2080 1418 2109 der
1447 2077 1548 2109 Hafen
1578 2089 1643 2109 von

978 2124 1065 2164 Siga,
1080 2134 1107 2154 s.
1124 2123 1206 2154 Plin.
1223 2124 1254 2161 5,
1271 2123 1300 2161 2,
1319 2124 1375 2154 19:
1390 2122 1474 2165 Siga
1485 2123 1645 2166 oppidum

977 2179 1022 2200 em
1034 2168 1176 2200 adverso
1188 2168 1334 2199 Malacae
1346 2170 1377 2199 in
1389 2169 1548 2211 Hispania
1560 2171 1645 2200 sitae

977 2212 1142 2255 Syphacis
1165 2215 1277 2255 7¹ege'a;
1305 2219 1398 2245 sonst
1423 2215 1465 2245 ist
1484 2214 1573 2245 Cirta
1592 2214 1643 2245 die

979 2259 1194 2299 Hauptstadt,
1221 2268 1247 2289 s.
1267 2259 1319 2298 29,
1335 2258 1388 2290 32.
1406 2277 1447 2281 ——
1465 2258 1645 2299 molirenl„

976 2314 1003 2334 c.
1028 2303 1080 2341 315,
1110 2304 1159 2335 11.
1178 2321 1221 2325 —
1236 2305 1272 2334 in
1295 2306 1389 2345 regit)
1405 2315 1450 2347 p.,
1467 2305 1548 2335 auch
1566 2314 1641 2334 cau-

977 2348 1036 2386 sal,
1056 2359 1081 2379 s.
1100 2349 1237 2390 Appian.

1025 2387 1092 2425 18.
1114 2394 1209 2424 1Ἀ2.
1227 2394 1522 2436 φηαςνιζβοιινηᾳιιε,
1540 2395 1640 2425 durch

976 2450 1038 2479 que
1056 2439 1137 2469 wird
1156 2439 1215 2469 dei·
1228 2438 1397 2475 Umstaud,
1416 2439 1491 2470 dass
1507 2439 1639 2481 Syphax

976 2484 1032 2514 das
1053 2483 1369 2515 Zusammentreffen
1388 2481 1441 2514 fiir
1459 2484 1574 2515 ho'chst
1586 2485 1642 2515 eh-

977 2530 1107 2559 ronvou
1138 2529 1230 2569 hielt,
1262 2529 1310 2559 als
1337 2533 1441 2559 etwas
1461 2528 1571 2560 Neues
1600 2540 1639 2559 un

976 2574 1033 2603 das
1064 2574 1199 2605 Factum
1227 2574 1333 2604 selbst
1360 2574 1408 2604 als
1439 2573 1542 2614 Folge
1573 2575 1639 2605 sich

975 2618 1272 2650 Anschliessendes
1292 2619 1492 2649 bezeichnet.
1511 2622 1643 2650 —erat

975 2663 1035 2703 ab,
1055 2663 1092 2695 Z.
1110 2663 1131 2703 ξ
1145 2663 1208 2694 365
1239 2681 1283 2686 --
1299 2674 1412 2703 suam,
1438 2664 1497 2695 mit
1514 2664 1594 2705 ihm,
1613 2675 1639 2695 s.

1680 862 1720 894 10

1680 1142 1719 1174 15

1675 1422 1718 1455 20
