1784 2967
87 822 127 853 10

85 1103 124 1135 15

620 259 745 292 LlssER
770 260 924 293 xxvm.
969 261 1060 293 CAP.
1093 261 1120 294 1.
1483 263 1560 302 125

159 278 186 296 a.
207 270 260 296 Cb.
282 271 342 295 207.

161 364 211 402 ad
231 363 418 401 orientem
440 362 579 413 vergit,
608 361 801 413 Scipionis
830 374 875 400 ac
894 362 1093 401 Romanae
1121 362 1283 402 dicionis
1305 367 1396 402 erat.
1437 375 1561 403 novus

159 420 371 470 imperator
386 419 537 466 Hanno,
565 419 603 457 in
624 418 752 456 locum
770 418 918 456 Barcini
941 418 1191 457 Hasdrubalis
1214 431 1316 458 novo
1342 432 1426 459 cum
1451 433 1560 458 exer-

160 475 237 514 citu
257 488 301 514 ex
317 476 442 514 Africa
464 481 730 525 transgressus
748 474 977 524 Magonique
994 474 1162 521 iunctus,
1187 488 1274 514 cum
1297 475 1335 514 in
1353 475 1561 524 Celtiberia,

158 544 254 582 quae
275 532 400 570 media
421 532 519 570 inter
540 532 615 569 duo
639 530 756 569 maria
778 535 854 577 est,
876 530 978 568 brevi
1001 543 1184 581 magnum
1207 531 1404 571 hominum
1424 544 1562 572 nume-

158 600 245 626 rum
267 593 469 634 armasset,
492 587 620 638 Scipio
638 587 820 626 adversus
844 599 931 626 eum
950 587 997 625 M.
1016 587 1186 625 Silanum
1207 601 1292 626 cum
1312 589 1441 627 decem
1459 589 1561 628 haud

158 645 245 695 plus
268 644 435 682 millibus
458 643 635 689 militum,
659 643 848 694 equitibus
873 643 1092 694 quingentis
1115 644 1231 682 misit.
1268 644 1421 683 Silanus
1440 657 1561 696 quan—

156 700 206 738 tis
229 700 405 738 maximis
427 700 554 750 potuit
575 700 776 738 itineribus
799 722 854 726 ——
876 700 1125 751 inpediebant
1142 704 1268 738 autem
1286 705 1322 739 et
1339 702 1562 752 asperitates

156 757 305 795 viarum
327 762 363 795 et
384 756 581 806 augustiae
604 756 762 794 saltibus
786 756 942 801 crebris,
966 762 1007 795 ut
1028 757 1208 807 pleraque
1231 756 1437 808 Hispaniae
1458 763 1560 805 sunt,

156 813 324 852 inclusae
345 836 399 840 —
420 818 550 851 tamen
572 824 652 850 non
675 813 801 851 solum
820 813 979 851 nuntios
998 814 1064 852 sed
1084 813 1195 851 etiam
1214 813 1354 851 famam
1374 814 1560 853 adventus

156 870 215 907 sui
244 881 517 919 praegressus,
556 869 717 907 ducibus
754 869 924 908 indidem
961 882 1006 907 ex
1034 869 1232 907 Celtiberia
1267 870 1476 921 transfugis
1513 871 1559 909 ad

152 926 305 963 hostem
328 926 513 976 pervenit.
555 925 700 963 eisdem
722 926 943 964 auctoribus
967 930 1194 976 conpertum
1219 930 1288 971 est,
1317 938 1403 964 cum
1427 927 1558 965 decem

154 981 304 1020 circiter
323 982 437 1020 millia
457 982 502 1019 ab
520 982 631 1019 hoste
648 982 838 1028 abessent,
859 982 947 1020 bina
967 988 1091 1020 castra
1110 982 1207 1020 circa
1225 982 1336 1029 viam,
1355 995 1429 1032 qua
1446 982 1555 1029 irent,

153 1050 258 1076 esse:
280 1038 380 1076 laeva
398 1037 618 1083 Celtiberos,
641 1050 785 1076 novum
803 1039 1025 1083 exercitum,
1049 1050 1165 1088 supra
1188 1050 1325 1076 novem
1349 1038 1463 1076 millia
1481 1039 1555 1077 ho-
1579 1055 1582 1058 ⁴

153 1093 315 1140 minum,
333 1094 462 1132 dextra
480 1094 624 1132 Punica
641 1100 772 1132 tenere
789 1100 924 1133 castra.
963 1107 1003 1132 ea
1023 1093 1267 1140 stationibus,
1285 1094 1431 1144 vigiliis,
1450 1095 1556 1133 omni

152 1150 252 1188 iusta
279 1150 431 1188 militari
459 1150 634 1188 custodia
654 1155 734 1189 tuta
756 1154 794 1188 et
815 1151 923 1188 firma
946 1163 1048 1196 esse,
1078 1150 1136 1188 illa
1165 1150 1279 1188 altera
1312 1151 1438 1189 soluta
1465 1162 1557 1189 nec-

153 1207 338 1257 lectaque,
366 1212 409 1245 ut
435 1206 687 1245 barbarorum
716 1211 752 1244 et
777 1206 948 1245 tironum
978 1212 1014 1245 et
1035 1207 1163 1244 minus
1188 1206 1425 1253 timentium,
1453 1207 1557 1258 quod

152 1263 190 1300 in
220 1275 288 1301 sua
316 1268 417 1300 terra
446 1268 587 1301 esseut.
634 1275 675 1300 ea
703 1263 811 1313 prius
840 1263 1097 1312 adgredienda
1126 1267 1232 1300 ratus
1264 1262 1418 1301 Silanus
1449 1264 1556 1314 signa

152 1331 266 1369 quam
295 1318 458 1357 maxime
488 1319 533 1355 ad
559 1319 701 1357 laevam
731 1319 883 1357 iubebat
910 1319 1019 1366 ferri,
1046 1318 1221 1357 necunde
1250 1318 1295 1356 ab
1327 1319 1556 1358 stationibus

150 1465 195 1497 ad
210 1467 341 1506 orient„
360 1465 412 1507 27,
431 1465 483 1505 25,
505 1465 562 1500 11;
582 1465 624 1496 ib.
639 1464 691 1505 26,
709 1465 744 1503 73
765 1465 817 1505 37,

151 1509 204 1550 56,
223 1510 260 1549 43
280 1509 316 1548 63
336 1515 429 1541 sonst
446 1511 527 1541 auch
540 1512 584 1550 in,
603 1510 656 1552 35,
675 1510 726 1550 23,
747 1509 817 1548 8f.;

890 1465 1006 1496 mando
1032 1465 1170 1504 Scipios.
1187 1483 1231 1488 ——
1248 1468 1428 1506 angustiae
1444 1484 1485 1488 —
1504 1468 1558 1498 ’ἰη-

891 1510 1017 1541 clusue:
1059 1520 1140 1549 enge
1174 1509 1468 1550 Thalschluchten,
1507 1512 1558 1542 die

152 1555 326 1587 orientalis
343 1555 466 1586 komint
483 1561 554 1587 erst
571 1556 684 1597 spiiter
700 1566 772 1587 vor.

195 1600 305 1631 4—6.
336 1611 444 1632 novus
468 1603 547 1644 imp.
573 1601 617 1631 ist
640 1610 692 1631 u1n
717 1611 752 1631 es
777 1611 818 1630 zu

150 1645 253 1676 heben
271 1645 321 1677 als
339 1645 476 1686 Subject
493 1645 736 1684 vorangestellt
754 1646 817 1676 und

151 1691 252 1721 durch
293 1701 369 1722 eum
402 1691 526 1722 wieder
558 1689 816 1730 ausgenommen,

151 1735 253 1765 nic-ht:
282 1735 445 1766 acle-ersus
468 1753 512 1758 —
530 1736 740 1775 Hannonem,
765 1738 821 1777 qui

151 1783 214 1810 etc.
233 1798 275 1801 —
292 1790 375 1811 novo
395 1791 462 1820 ‘ww
482 1781 561 1811 nach
577 1781 647 1811 dem
662 1780 714 1819 27,
733 1780 783 1819 18,
799 1781 816 1810 7

150 1825 406 1863 angedeuteten.
429 1843 472 1847 —
498 1836 581 1866 quae
604 1824 728 1863 media,
760 1824 820 1855 ob-

150 1869 257 1909 5161611
277 1869 406 1900 Andere
431 1870 488 1900 das
513 1869 651 1900 iistliche
676 1869 817 1911 Spanieu

149 1914 334 1956 iiberhaupt
349 1914 524 1945 Celtiberia
538 1924 675 1952 nennen,
690 1915 819 1945 scheint

149 1958 188 1990 L.
211 1959 292 1990 doeh
319 1969 380 1990 nur
404 1969 503 1999 sagen
528 1970 568 1989 zu
593 1959 729 1990 wollen:
761 1960 818 1990 das

148 2003 351 2035 Binnenland
366 2004 531 2034 zwischen
542 2004 743 2035 Mittelmeer
755 2005 819 2035 und

149 2048 274 2088 Ocean,
294 2059 319 2080 s.
338 2048 396 2088 38,
416 2049 473 2089 18,
495 2049 549 2088 12,
573 2050 671 2091 nicht,
689 2050 764 2081 dass
783 2059 818 2079 es

149 2093 199 2125 bis
228 2104 268 2125 an
297 2094 390 2125 beide
414 2093 528 2125 Meere
553 2094 701 2134 gereioht
725 2095 818 2126 habe.

148 2156 193 2161 —-
210 2138 322 2170 decem
339 2138 432 2170 haud
444 2138 507 2181 pl„
526 2149 562 2170 so
581 2140 713 2170 werden
730 2140 817 2182 pIuS,

91 2192 93 2194 ·
148 2183 309 2226 amplius,
327 2186 441 2225 minus
458 2184 538 2214 oder
555 2184 647 2215 haud
658 2184 736 2228 plus
755 2189 818 2216 etc.

151 2228 322 2259 bisweilen
357 2229 405 2259 als
438 2229 642 2260 adverbielle
677 2230 817 2261 86511111-

148 2283 288 2312 mungen
308 2273 366 2303 der
380 2272 462 2304 Zahl
477 2273 586 2304 dieser
603 2275 819 2314 nachgesetzt

151 2328 178 2348 s.
197 2328 224 2348 c.
244 2317 348 2358 2,11;
369 2318 398 2356 S,
418 2318 455 2355 8,
474 2317 527 2357 30,
546 2318 598 2360 27,
619 2318 675 2357 103
695 2319 748 2358 38,
763 2319 817 2360 40,

151 2362 188 2401 73
212 2362 243 2403 1,
264 2361 320 2401 18,
340 2362 374 2394 2:
399 2365 531 2393 centurn.
559 2363 653 2395 haud
673 2364 818 2406 amplius

149 2408 270 2446 annis3
286 2406 363 2438 Tac.
380 2407 416 2438 H.
433 2407 463 2445 4,
475 2407 535 2445 523
552 2407 671 2449 vgl.§7
685 2421 692 2440 ι
707 2409 818 2440 decem

150 2453 348 2484 circite1·.—-
371 2453 544 2483 hominnm
567 2453 611 2484 ist
626 2453 715 2485 viell.
729 2454 818 2486 nicht

150 2498 376 2537 nothwendig,
395 2497 454 2535 25,
477 2496 532 2535 16,
551 2497 581 2528 S.
599 2515 642 2520 —
658 2498 816 2539 militum,

150 2542 200 2573 die
219 2543 410 2582 Bedeutung
429 2543 472 2572 ist
490 2542 591 2572 durch
606 2543 666 2573 den
682 2542 814 2583 Gegen-

151 2591 223 2618 satz
239 2587 323 2628 klar,
343 2587 395 2627 26,
418 2587 466 2625 19,
489 2586 539 2617 10.

196 2631 307 2663 6—7.
331 2631 467 2663 Silanus
484 2632 533 2662 als
552 2631 743 2674 Propriitor,
762 2632 815 2672 26,

154 2675 211 2717 19,
239 2676 295 2717 10,
322 2678 411 2709 steht
433 2681 532 2708 unter
549 2677 620 2709 (lem
638 2677 815 2710 0116160111-

892 1556 993 1586 durch
1023 1555 1074 1586 die
1100 1555 1209 1586 vielen
1234 1554 1377 1595 Gebirge
1402 1555 1557 1597 gebildet,

890 1601 1034 1631 dadurcb
1060 1600 1135 1631 dass
1161 1600 1251 1631 diese
1270 1600 1352 1631 nahe
1370 1610 1557 1632 zusammen

892 1645 1031 1686 riieken,
1056 1645 1326 1685 eingeschlossen
1351 1646 1497 1676 werden.
1514 1664 1559 1669 —

889 1690 1057 1733 pleraque,
1078 1701 1103 1721 s.
1123 1690 1175 1729 27,
1195 1690 1249 1729 45,
1265 1690 1293 1721 7.
1309 1708 1353 1713 —
1365 1690 1511 1722 indidem
1529 1702 1558 1723 e.

893 1735 939 1775 C.,
958 1736 988 1766 in
1008 1736 1119 1775 Bezug
1135 1733 1224 1776 auf§
1241 1735 1279 1774 4,
1296 1735 1362 1775 vgl.
1382 1735 1434 1775 27,
1457 1736 1508 1776 12,
1526 1736 1557 1767 5.

891 1790 965 1811 curn
995 1785 1057 1811 etc.
1070 1805 1077 1819 ,
1107 1781 1205 1811 sehon
1234 1780 1283 1810 als
1313 1780 1361 1811 sie
1391 1781 1483 1811 noch.
1513 1798 1558 1803 —

891 1827 997 1865 circa,
1015 1834 1054 1855 an
1082 1825 1196 1855 beiden
1218 1824 1343 1855 Seiten.
1367 1843 1410 1847 —-
1435 1827 1557 1865 tenere,

892 1870 1040 1900 absolut:
1068 1869 1135 1900 sich
1153 1869 1227 1899 dort
1245 1868 1411 1907 befinden,
1431 1871 1556 1909 stehen,

893 1915 944 1945 die
964 1913 1097 1953 Gegend
1123 1914 1332 1954 einnehmen,
1351 1914 1418 1953 vgl.
1440 1913 1500 1953 32,
1526 1915 1558 1955 5,

896 1958 951 1989 12:
970 1970 1033 2000 qua
1050 1961 1199 1990 abscisae
1215 1970 1316 2001 rupes
1332 1961 1440 1999 erant,
1454 1961 1557 1992 statio

890 2014 1078 2046 paucorum
1094 2007 1309 2035 armatorum
1322 2005 1464 2044 tenebat,
1479 2004 1557 2036 Tac.

893 2048 931 2080 G.
957 2048 1010 2080 28.
1036 2067 1077 2071 —
1101 2049 1224 2080 deoetra
1240 2059 1272 2080 u.
1290 2049 1383 2080 laet-a
1405 2050 1475 2080 sind
1495 2050 1556 2080 wie

893 2098 987 2125 sonst
1005 2094 1056 2124 bei
1075 2093 1124 2133 L.‚
1143 2104 1178 2124 so
1196 2095 1277 2124 auch
1293 2094 1357 2124 wol
1372 2094 1441 2125 hier
1454 2094 1558 2126 Abla-

892 2139 972 2179 tive,
991 2139 1057 2179 vgl.
1077 2138 1176 2170 Fabri
1195 2150 1236 2169 zu
1254 2138 1307 2178 21,
1326 2137 1378 2176 43,
1397 2139 1428 2169 4.

937 2183 1047 2214 8-9.
1073 2195 1112 2215 6α
1135 2184 1191 2215 das
1216 2183 1297 2214 eben
1315 2184 1503 2222 erwiihnte3
1530 2194 1557 2215 s.

892 2228 958 2260 Cic.
975 2228 1046 2260 Fin.
1070 2229 1101 2268 1,
1121 2228 1177 2267 10,
1197 2228 1255 2267 32,
1274 2228 1353 2259 Sall.
1372 2227 1407 2259 C.
1424 2228 1476 2267 52,
1499 2228 1554 2267 183

891 2274 949 2304 das
970 2272 1203 2304 Gewiihnlicbe
1221 2273 1311 2303 wilre
1328 2273 1425 2311 Ιιαθος
1450 2274 1558 2305 altera

890 2318 973 2349 wird
1003 2329 1043 2349 zu
1072 2318 1127 2349 illa
1156 2322 1303 2358 gesetzt,
1333 2328 1426 2349 wenn
1448 2319 1557 2350 dieses

891 2364 996 2394 ciuem
1014 2363 1139 2394 bereits
1158 2362 1363 2402 bekannten,
1389 2363 1556 2395 bestimm-

890 2413 945 2439 ten
971 2407 1109 2448 Begriffe
1136 2408 1438 2448 entgegengestellt
1460 2408 1556 2447 wird,

891 2464 916 2485 s.
934 2453 1015 2484 Sall.
1034 2452 1057 2484 Ι.
1079 2452 1132 2492 13,
1154 2453 1187 2490 13
1210 2452 1259 2489 16,
1279 2453 1309 2483 5.
1327 2471 1370 2475 —
1389 2455 1481 2484 omni
1496 2464 1555 2484 zu-

890 2496 1209 2529 sammenfassendes
1233 2497 1447 2539 Asyndet0n3
1472 2498 1555 2530 iiber

890 2544 940 2574 die
959 2542 1112 2582 Hiiufung
1134 2543 1193 2573 der
1210 2542 1381 2573 Attribute
1400 2553 1426 2574 s.
1443 2542 1481 2582 2,
1501 2543 1554 2583 53,

890 2587 920 2620 3.
937 2606 981 2610 —
998 2587 1124 2627 soluta,
1149 2598 1176 2618 s.
1195 2598 1222 2618 c.
1241 2587 1301 2626 34,
1325 2587 1363 2625 43
1392 2588 1425 2628 1,
1451 2587 1504 2628 60,
1522 2587 1553 2620 2.

889 2651 932 2655 -
945 2632 1104 2671 necunde,
1119 2632 1172 2672 22,
1187 2631 1239 2673 23,
1256 2632 1310 2663 10:
1328 2632 1477 2665 necunde
1488 2635 1554 2665 im-

888 2680 988 2721 petus
1004 2679 1039 2709 2'n
1052 2678 1325 2719 frumentatores
1332 2678 1447 2720 fieret.

1589 370 1611 401 4

1591 596 1609 627 5

1589 650 1610 682 6
