1784 2967
660 226 784 261 LIBER
803 225 928 261 XXIV.
961 226 1052 261 CAP.
1071 227 1123 260 46.
1141 227 1194 260 47.
1481 243 1506 262 a.
1523 244 1549 261 u.
1565 236 1624 262 541.

225 331 447 384 propinquo
465 330 582 371 situm
597 329 704 370 urbis
722 330 964 382 moeniaque,
988 342 1084 382 quae
1104 341 1194 381 pars
1210 329 1403 369 tutissima
1419 329 1625 369 moenibus

226 394 319 436 erat,
336 389 422 440 quia
439 388 605 428 maxime
619 387 829 439 neglectam
848 387 1022 428 custodia
1034 387 1135 434 vidit,
1153 400 1193 426 ea
1207 387 1456 438 potissimum
1470 386 1624 437 adgredi

176 455 195 487 2
226 445 367 486 statuit.
418 444 652 497 comparatis
681 445 881 492 omnibus,
909 457 1003 496 quae
1031 444 1076 483 ad
1098 443 1212 483 urbes
1235 443 1513 496 oppugnandas
1535 443 1622 483 usui

225 508 334 551 sunt,
357 502 628 542 centurionum
655 501 795 541 robora
825 515 869 540 ex
892 507 974 540 toto
997 500 1163 540 exercitu
1184 500 1340 551 delegit,
1369 500 1624 552 tribunosque

224 559 327 598 viros
345 559 464 598 fortes
483 559 536 598 eis
554 559 747 610 praefecit,
766 558 951 597 etmilites
965 562 1174 604 sescentos,
1194 563 1380 609 quantum
1393 557 1486 596 satis
1499 556 1621 596 visum
1653 569 1672 600 5

225 621 300 663 est,
326 615 515 662 attribuit,
546 628 701 666 eosque,
723 614 786 654 ubi
809 620 963 666 quartae
984 614 1130 664 vigiliae
1152 614 1303 665 signum
1327 613 1548 660 cecinisset,
1576 614 1623 652 ad

176 682 195 712 3
225 684 313 711 eum
339 672 469 712 locum
497 672 618 712 scalas
639 672 750 711 iussit
769 672 880 710 ferre.
922 676 1034 722 porta
1056 670 1106 709 ibi
1127 671 1283 710 humilis
1305 676 1342 709 et
1363 676 1523 721 angusta
1544 675 1625 708 erat

194 749 197 751 >
222 729 455 781 infrequenti
481 729 538 768 via
566 741 634 780 per
661 729 852 767 desertam
881 732 1030 779 partem
1058 727 1177 766 urbis.
1224 740 1308 766 eam
1337 733 1490 778 portam
1512 727 1624 766 scalis

222 785 330 837 prius
360 791 627 836 transgressos
656 797 811 824 murum
840 785 988 835 aperire
1012 796 1056 822 ex
1084 783 1266 823 interiore
1292 789 1400 836 parte
1428 789 1494 823 aut
1521 783 1624 822 clau-

224 847 302 882 stra
318 842 527 893 refringere
542 842 658 887 iubet,
677 846 714 880 et
729 846 904 880 tenentes
922 845 1071 892 partem
1091 841 1197 880 urbis
1216 853 1339 880 cornu
1356 841 1508 891 signum
1521 840 1622 887 dare,
1656 851 1694 883 10

225 904 270 938 ut
301 904 446 938 ceterae
479 898 611 950 copiae
638 898 951 937 admoverentur:
983 902 1115 948 parata
1144 898 1272 936 onmia
1301 903 1412 949 atque
1439 897 1624 936 instructa

174 967 195 997 4
224 968 306 994 sese
332 955 565 994 habiturum.
612 967 655 994 ea
676 954 824 1006 inpigre
844 955 958 1002 facta,
985 960 1022 993 et
1042 955 1142 1005 quod
1166 954 1487 1005 impedimentum
1509 965 1624 1005 agen—

223 1012 325 1051 tibus
352 1012 437 1051 fore
457 1012 671 1058 videbatur,
698 1011 737 1050 id
758 1011 924 1050 maxime
945 1011 989 1050 ad
1012 1011 1219 1050 fallendum
1240 1011 1392 1050 adiuvit.
1434 1010 1557 1049 imber
1578 1011 1623 1049 ab

222 1074 337 1108 nocte
368 1068 491 1107 media
518 1073 676 1107 coortus
705 1069 884 1107 custodes
912 1068 1120 1119 vigilesque
1147 1067 1318 1120 dilapsos
1346 1081 1366 1106 e
1388 1067 1618 1106 stationibus

175 1134 193 1165 5
224 1125 429 1176 subfugere
446 1125 485 1164 in
501 1130 597 1164 tecta
609 1124 1307 1176 coegit,sonitusqueprimolargioris
1326 1124 1513 1176 procellae
1525 1129 1622 1163 stre·
1656 1135 1694 1167 15

223 1182 347 1234 pitum
370 1182 610 1221 molientium
632 1187 784 1233 portam
807 1181 974 1220 exaudiri
995 1181 1211 1233 prohibuit,
1239 1182 1380 1220 lentior
1401 1181 1538 1221 deinde
1558 1193 1622 1220 ae-

224 1238 448 1290 qualiorque
475 1238 651 1277 accidens
679 1238 833 1277 auribus
859 1250 1036 1289 magnam
1065 1243 1215 1289 partem
1242 1238 1443 1277 hominum
1471 1237 1623 1289 sopivit.

176 1305 196 1338 6
225 1300 434 1347 postquam
461 1300 615 1347 portam
637 1295 836 1342 tenebant,
866 1294 1080 1334 cornicines
1102 1294 1141 1333 in
1162 1294 1219 1333 via
1240 1294 1397 1346 paribus
1418 1294 1622 1333 intervallis

176 1362 194 1393 7
224 1351 436 1403 dispositos
459 1363 594 1391 canere
614 1351 756 1397 iubent,
779 1357 822 1390 ut
844 1352 1044 1391 consulem
1065 1351 1243 1390 excirent.
1283 1351 1322 1390 id
1340 1351 1402 1390 ubi
1417 1351 1560 1390 factum
1578 1364 1621 1390 ex

225 1409 444 1460 composito
467 1413 539 1456 est,
562 1408 669 1459 signa
691 1408 815 1447 efferri
835 1409 970 1448 consul
992 1408 1097 1447 iubet
1117 1421 1161 1447 ac
1182 1408 1295 1460 paulo
1313 1413 1400 1447 ante
1415 1408 1537 1447 lucem
1555 1420 1624 1459 per
1650 1419 1693 1451 20

147 1467 198 1505 47
225 1466 419 1504 effractam
441 1470 595 1517 portam
617 1464 750 1504 urbem
774 1465 998 1516 ingreditur.
1029 1465 1126 1504 Tum
1147 1465 1302 1504 demum
1320 1465 1454 1504 hostes
1473 1464 1630 1504 excitati·

176 1528 194 1559 2
224 1527 316 1562 sunt
340 1521 416 1561 iam
438 1527 475 1561 et
497 1521 619 1560 imbre
640 1521 936 1573 conquiescente
959 1526 995 1561 et
1018 1521 1235 1573 propinqua
1260 1522 1355 1561 luce.
1387 1521 1621 1573 praesidium

224 1580 263 1618 in
288 1578 384 1618 urbe
404 1584 485 1618 erat
504 1578 726 1618 Hannibalis
748 1579 918 1630 quinque
939 1579 1042 1618 milia
1062 1578 1183 1618 ferme
1205 1584 1464 1626 armatorum,
1492 1583 1530 1617 et
1550 1577 1621 1630 ipsi

225 1670 290 1702 lich
319 1680 340 1702 α
358 1672 464 1712 tergo,
494 1670 647 1712 afronte
662 1681 693 1702 u.
712 1670 742 1703 ti.
765 1688 810 1693 —-
828 1680 887 1702 cu-

223 1715 342 1757 stodia,
365 1716 520 1755 dadurch,
545 1716 621 1747 dass
644 1715 741 1747 keine
771 1713 888 1756 ausge-

223 1761 318 1793 stellt
335 1770 415 1802 war,
434 1771 460 1792 5.
481 1771 508 1792 c.
524 1760 577 1801 35,
592 1760 629 1800 83
648 1760 715 1801 vgl.
734 1762 763 1799 5,
784 1760 836 1801 46,
850 1760 885 1792 9;

222 1806 412 1848 neglectum
428 1805 608 1838 custodiae.
631 1824 676 1829 —
691 1816 740 1845 ea,
765 1806 813 1847 da,
832 1804 892 1837 auf

222 1852 345 1883 diesem
375 1851 498 1883 Puncte
527 1851 641 1883 wollte
658 1862 696 1882 er
718 1852 768 1883 die
791 1851 887 1883 Stadt

222 1895 410 1937 angreifen,
434 1896 501 1937 vgl.
521 1896 572 1937 29,
599 1897 628 1937 7,
648 1898 682 1928 5;
708 1907 772 1939 qua
786 1899 887 1940 parte

221 1941 488 1984 aggrederetur;
509 1941 561 1983 34,
589 1942 638 1980 15,
653 1941 691 1980 ὃς
711 1942 764 1984 43,
788 1943 838 1982 19,
855 1942 885 1973 4.

267 1987 367 2018 2-5.
384 1989 518 2027 robora,
539 1987 591 2025 21,
606 1987 657 2028 54,
670 1986 751 2019 3.-
765 1990 886 2030 quarta

222 2042 262 2068 v„
288 2042 392 2073 gegen
416 2032 563 2072 Morgen,
594 2031 624 2073 2,
644 2031 695 2071 64,
714 2032 744 2063 9.
768 2050 812 2054 —
835 2043 886 2064 ce-

223 2078 300 2116 cin.,
318 2077 384 2116 vgl.
404 2077 421 2117 §
441 2077 478 2115 ὃς
507 2088 534 2108 c.
555 2077 605 2117 15,
626 2077 655 2108 1.
678 2095 720 2099 ——
737 2080 885 2118 angusta

222 2122 307 2153 wird
324 2122 424 2153 durch
442 2123 564 2163 infreq.
580 2123 641 2162 via,
660 2122 769 2153 dieses
783 2123 883 2154 durch

222 2168 273 2199 die
291 2167 487 2199 attributive
504 2167 725 2207 ssestinnuung
739 2178 800 2210 pm·
814 2167 883 2199 (les.

220 2224 253 2256 p.
272 2223 305 2244 u.
325 2213 465 2243 erkliirt.
488 2230 533 2235 —
558 2222 692 2244 murum
710 2223 763 2255 ap.
791 2213 834 2244 ist
851 2213 881 2243 in

222 2258 283 2289 den
302 2257 398 2290 Hdss.
416 2257 537 2289 ebenso
552 2257 736 2289 verdorhen
752 2258 814 2289 wie
829 2258 882 2297 42,

221 2302 274 2344 66,
300 2303 335 2334 7:
361 2305 558 2346 adaperire.
617 2303 681 2334 Der
710 2302 787 2334 Sinn
818 2303 882 2335 ist:

221 2348 269 2379 sie
287 2348 393 2380 sollen
412 2349 469 2379 das
487 2347 577 2379 Thor
594 2359 655 2378 von
672 2348 765 2379 innen
782 2348 882 2379 durch

221 2393 394 2424 Aushebeu
413 2394 470 2425 des
490 2392 621 2433 Ricgels
640 2393 764 2433 iilsnen,
791 2393 882 2432 oder,

221 2448 315 2469 wenu
341 2438 449 2470 dieses
474 2438 562 2470 nicht
584 2439 722 2478 m'o'glich
757 2439 815 2477 ist,
846 2449 881 2469 es

222 2483 279 2514 mit
310 2482 441 2515 Gewalt
472 2483 668 2521 erbrechen,
706 2483 786 2514 auch
823 2483 880 2514 das

224 2528 380 2560 Letztere
403 2528 525 2560 konnte
549 2538 610 2560 von
629 2528 724 2559 innen
744 2528 882 2559 leichter

222 2574 414 2613 geschehen.
427 2591 471 2596 -
483 2576 614 2606 ceterae
630 2583 669 2613 c.‚
691 2573 720 2604 in
738 2574 809 2604 dem
827 2572 847 2614 ξ
864 2573 876 2604 1

222 2618 455 2649 bezeichneten
476 2618 592 2657 Lager.
621 2637 666 2642 —
685 2619 879 2659 fallendum

222 2663 284 2694 und
298 2662 437 2705 adiurit,
456 2675 481 2694 s.
498 2664 550 2697 29.
570 2664 596 2700 1,
615 2664 664 2699 18,
680 2664 821 2694 absolut,
837 2682 880 2686 —

960 1669 1090 1703 custod.
1121 1672 1196 1712 viga,
1226 1681 1253 1710 s,
1278 1681 1306 1702 c.
1331 1670 1382 1713 37,
1407 1670 1445 1709 43
1472 1671 1620 1709 station„

960 1716 1046 1747 hier:
1072 1726 1137 1747 von
1161 1716 1253 1747 ihren
1277 1715 1410 1748 Posten.
1428 1733 1470 1738 —-
1489 1715 1620 1758 dilapsi,

960 1771 986 1792 s.
1005 1760 1059 1801 21,
1078 1760 1130 1801 32,
1151 1761 1202 1792 10.
1226 1779 1270 1784 -—
1294 1762 1435 1803 subjuga
1461 1760 1544 1792 wird
1563 1770 1621 1791 na-

958 1806 1114 1838 meutlich
1137 1807 1219 1838 ohne
1239 1806 1358 1847 Object
1380 1806 1486 1838 selten
1504 1805 1622 1846 gesun-

959 1852 1033 1883 den.
1062 1870 1106 1875 —
1132 1852 1281 1884 molz'ent.
1301 1863 1348 1896 p.‚
1372 1862 1440 1883 was
1459 1851 1477 1892 ξ
1497 1850 1515 1882 3
1532 1850 1623 1884 clau-

958 1899 1033 1929 stra
1058 1898 1254 1940 refringere
1276 1898 1375 1937 hiess,
1405 1908 1431 1929 s.
1446 1896 1499 1937 23,
1520 1895 1569 1937 18,
1589 1896 1619 1928 2.

958 1961 1001 1965 ——
1019 1942 1190 1983 exaudiri,
1214 1942 1358 1974 deutlich
1384 1943 1497 1980 boren,
1520 1952 1546 1973 s.
1569 1941 1620 1982 10,

958 1987 1011 2027 36,
1032 1988 1088 2019 11:
1116 1998 1192 2019 voce
1214 1987 1304 2020 clara
1326 1990 1366 2020 ut
1381 1986 1620 2021 emunda-elur.-

958 2032 1050 2064 Curt.
1076 2033 1105 2072 7,
1131 2032 1185 2073 31,
1209 2032 1267 2064 2οε
1292 2034 1373 2064 haec
1397 2042 1520 2074 quassa
1544 2042 1621 2064 voce

956 2095 1001 2102 —-
1017 2080 1075 2109 τίει)
1094 2079 1266 2121 pred-imis
1288 2077 1557 2110 eoeaudientibus.
1575 2096 1621 2101 -

956 2122 1093 2164 lentior,
1118 2123 1266 2163 weniger
1295 2123 1415 2164 heftig3
1452 2123 1535 2154 iiber
1562 2123 1619 2155 das

955 2167 1111 2208 Adjeetiv
1125 2178 1151 2199 s.
1173 2168 1200 2207 1,
1216 2168 1314 2205 21,1.
1329 2187 1373 2192 —
1389 2170 1499 2205 sonz't„
1519 2168 1619 2200 durch

956 2213 1013 2244 das
1036 2214 1105 2244 hds.
1128 2215 1242 2245 sonita
1272 2214 1386 2246 wiirde
1416 2213 1519 2246 teccisl.
1543 2224 1618 2246 aar.

956 2258 1102 2299 weniger
1118 2259 1257 2299 passend
1270 2258 1329 2291 auf
1341 2260 1446 2292 imber
1459 2259 1618 2300 bezogen,

955 2302 1021 2343 vgl.
1042 2304 1070 2343 9,
1091 2303 1140 2345 13,
1159 2303 1194 2343 S,
1224 2305 1250 2346 7,
1271 2304 1321 2346 30,
1342 2305 1381 2336 12
1400 2316 1431 2336 u.
1449 2315 1479 2336 a.

1001 2348 1098 2379 6—7.
1120 2351 1283 2391 tenebant,
1297 2351 1356 2382 der
1369 2350 1535 2382 dauernde
1550 2347 1617 2381 Zu-

956 2394 1050 2425 stand
1068 2395 1148 2425 nach
1166 2395 1225 2426 der
1241 2395 1431 2428 Einnahme.
1446 2414 1490 2418 -—
1503 2396 1537 2427 in
1555 2396 1615 2437 ria,

958 2439 1037 2470 nach
1062 2440 1132 2470 dem
1151 2439 1260 2480 Lager
1277 2451 1328 2472 zu.
1347 2459 1391 2464 -—
1408 2451 1535 2482 canere,
1553 2441 1616 2472 wie

953 2482 974 2525 ξ
989 2483 1007 2514 3
1025 2486 1160 2525 signum
1177 2485 1266 2525 dare,
1285 2485 1349 2527 s.‘2‚
1362 2485 1414 2526 64,
1427 2486 1478 2526 10,
1496 2486 1615 2517 anders

955 2528 1017 2570 §2
1043 2547 1087 2553 —-
1106 2530 1207 2573 paulo
1229 2542 1273 2571 a.‚
1298 2531 1373 2563 weil
1399 2532 1451 2563 die
1470 2531 1616 2573 Expedi-

955 2574 1022 2605 tion
1047 2580 1118 2607 erst
1147 2586 1250 2616 gegen
1276 2576 1413 2617 Morgen
1445 2576 1614 2617 begonnen

956 2620 1020 2650 hat.

999 2658 1066 2697 47.
1088 2665 1182 2697 1—4.
1206 2668 1393 2707 armabant,
1413 2667 1459 2698 sie
1474 2668 1613 2708 pssegten
