1784 2967
180 409 216 442 11

180 577 220 610 12

179 802 219 835 13

178 914 220 947 14

179 1085 220 1117 15

181 1366 221 1399 16

249 245 329 285 224
690 244 813 276 LIBER
841 227 998 277 xxviii.
1047 244 1137 277 CAP.
1163 245 1217 276 42.

250 359 357 386 arma
385 351 420 385 et
447 346 656 385 exercitum
684 345 952 397 alienigenam,
980 347 1081 385 velut
1106 346 1150 385 ad
1178 358 1386 385 commune
1410 346 1654 397 restinguen-

250 404 342 443 dum
364 402 583 442 incendium
608 408 851 442 concurrent.
887 403 994 442 aliter
1014 403 1138 442 eidem
1161 402 1211 441 illi
1232 402 1565 454 Carthaginienses
1587 403 1655 442 Hi—

249 460 424 511 spaniam
454 458 728 506 defenderunt,
755 459 862 500 aliter
888 460 1042 499 moenia
1071 459 1216 510 patriae
1242 460 1382 510 templa
1406 460 1539 506 deum,
1570 472 1654 499 aras

250 521 285 554 et
312 516 422 554 focos
451 515 676 562 defendent,
699 528 784 554 cum
814 516 940 555 euntis
968 516 1006 554 in
1027 516 1218 568 proelium
1241 516 1375 567 pavida
1397 522 1655 567 prosequetur

250 572 419 611 coniunx
439 577 475 610 et
494 572 600 622 parvi
621 572 728 611 liberi
751 573 1023 612 occursabunt.
1065 573 1155 624 quid
1177 571 1326 623 porro?
1349 572 1381 611 si
1404 572 1497 611 satis
1519 573 1656 612 confisi

249 628 582 679 Carthaginienses
614 640 808 668 consensu
830 629 993 677 Africae,
1013 629 1088 668 fide
1109 629 1306 668 sociorum
1329 641 1481 679 regum,
1504 629 1656 668 moeni-

248 685 320 723 bus
357 685 461 730 suis,
491 697 578 724 cum
610 690 676 724 tuo
705 686 969 736 exercitusque
996 686 1050 724 tui
1078 686 1271 736 praesidio
1298 686 1481 724 nudatam
1511 685 1653 724 Italiam

248 741 426 788 viderint,
449 741 548 780 ultro
571 742 644 792 ipsi
666 753 810 780 novum
833 742 1043 780 exercitum
1066 743 1104 780 in
1125 742 1270 781 Italiam
1292 747 1357 781 aut
1377 755 1422 780 ex
1439 742 1564 780 Africa
1583 742 1656 780 mi-

249 798 386 842 serint,
415 803 480 836 aut
500 798 719 848 Magonem,
751 811 865 849 quem
894 811 914 837 a
936 798 1145 837 Baliaribus
1173 799 1294 837 classe
1320 796 1550 837 transmissa
1580 799 1656 837 iam

249 860 400 906 praeter
424 867 531 893 oram
553 855 737 904 Ligurum
759 855 988 906 Alpinorum
1018 855 1156 893 vectari
1185 860 1355 899 constat,
1386 855 1587 894 Hannibali
1614 867 1655 893 se

250 911 483 961 coniungere
511 909 722 950 iusserint?
749 923 889 962 nempe
917 912 955 949 in
983 911 1121 950 eodem
1148 916 1295 950 terrore
1324 912 1488 956 erimus,
1518 912 1555 950 in
1579 924 1654 962 quo

248 979 372 1018 nuper
399 967 564 1015 fuimus,
595 980 681 1006 cum
706 967 919 1007 Hasdrubal
947 968 985 1005 in
1013 968 1156 1006 ltaliam
1184 968 1438 1015 transcendit,
1467 980 1575 1018 quem
1603 975 1655 1013 tu,

249 1024 415 1075 quinon
436 1025 561 1062 solum
586 1024 853 1075 Carthaginem
877 1025 945 1064 sed
968 1036 1126 1063 omnem
1148 1024 1314 1062 Africam
1337 1024 1505 1063 exercitu
1524 1030 1591 1063 tuo
1615 1037 1655 1062 es

249 1080 462 1125 clausurus,
487 1094 506 1119 e
528 1081 708 1119 manibus
729 1081 805 1120 tuis
827 1081 864 1119 in
886 1081 1031 1120 Italiam
1054 1080 1230 1119 emisisti.
1272 1080 1414 1119 victum
1437 1093 1456 1119 a
1477 1085 1514 1118 te
1535 1081 1656 1119 dices:

250 1150 294 1176 eo
318 1137 471 1188 quidem
495 1138 623 1176 minus
646 1138 790 1184 vellem,
812 1143 849 1176 et
870 1138 905 1176 id
926 1143 990 1176 tua
1012 1149 1092 1175 non
1114 1138 1168 1175 rei
1192 1137 1364 1188 publicae
1386 1137 1512 1175 solum
1531 1149 1655 1182 causa,

248 1194 320 1232 iter
348 1194 479 1232 datum
509 1194 608 1232 victo
638 1194 677 1232 in
705 1194 848 1233 Italiam
882 1207 979 1233 esse.
1021 1199 1153 1244 patere
1175 1205 1248 1232 nos
1274 1193 1422 1240 omnia,
1446 1205 1543 1244 quae
1564 1206 1656 1244 pro—

250 1262 363 1301 spera
390 1250 457 1289 tibi
486 1263 529 1289 ac
557 1251 690 1301 populi
714 1251 877 1289 Romani
905 1251 1068 1302 imperio
1097 1263 1275 1297 evenere,
1304 1255 1372 1288 tuo
1405 1249 1566 1289 consilio
1589 1250 1657 1288 ad-

249 1308 420 1357 signare,
450 1307 608 1345 adversa
636 1307 789 1346 casibus
816 1307 972 1346 incertis
1002 1306 1088 1345 belli
1117 1311 1153 1344 et
1179 1306 1356 1344 fortunae
1385 1306 1558 1356 delegare
1584 1318 1655 1344 -ε

250 1375 326 1414 quo
354 1363 491 1402 melior
518 1363 732 1414 fortiorque
760 1377 820 1410 es,
849 1377 893 1402 eo
928 1363 1049 1413 magis
1067 1362 1180 1401 talem
1202 1362 1419 1413 praesidem
1441 1362 1513 1401 sibi
1535 1361 1655 1413 patria

247 1498 306 1529 mit
324 1500 487 1529 cea-ternus
504 1497 712 1528 verbunden:
731 1498 782 1528 die
802 1497 918 1528 Frem-

988 1497 1146 1529 Balearen
1161 1497 1657 1539 vorausgesetzt.——Ligurum

249 1543 327 1580 den,
361 1553 422 1573 vor
445 1543 549 1573 denen
574 1553 645 1573 man
671 1542 739 1574 sicli
757 1541 914 1582 fiirchtet,

988 1543 1077 1585 sup„
1095 1554 1121 1574 c.
1138 1542 1191 1582 46,
1207 1542 1237 1574 8.
1250 1561 1294 1565 ——-
1307 1544 1443 1581 vectari,
1460 1542 1658 1582 Andeutung

248 1589 318 1619 sind
343 1586 426 1618 fern.
460 1605 504 1610 —
536 1587 689 1627 ostende,
725 1588 817 1627 zeige
842 1598 915 1627 nur,

248 1633 385 1664 vertritt
397 1634 490 1664 einen
507 1633 730 1673 bedingendeu
745 1633 840 1664 Satz:
859 1634 918 1664 der

249 1677 402 1718 bedingte
416 1676 500 1717 folgt
514 1678 597 1709 dann
614 1679 653 1709 im
666 1678 823 1709 Futurum
834 1679 916 1709 ohne

251 1726 292 1760 et,
312 1724 378 1763 vgl.
399 1733 425 1754 c.
446 1722 498 1762 27,
517 1722 547 1754 6.
565 1741 610 1746 ——
632 1723 731 1755 aliter·
748 1742 790 1745 —
808 1723 916 1761 aliter,

250 1769 385 1799 starker
407 1768 456 1799 als
481 1768 582 1800 aliter·
599 1779 646 1808 ac,
674 1769 717 1799 ist
734 1769 793 1799 mit
812 1768 920 1799 Riick-

250 1814 335 1844 sicht
357 1811 416 1844 auf
434 1813 484 1844 die
510 1813 703 1853 Ereignisse
729 1814 769 1844 im
794 1814 918 1844 dritten

249 1859 427 1900 punischen
447 1856 569 1898 Hriege
590 1863 718 1898 gesagt.
739 1876 781 1880 —
801 1858 916 1895 eidem,

250 1904 307 1935 mit
326 1905 428 1935 denen
447 1904 489 1934 du
507 1903 632 1935 bereits
650 1902 819 1945 gekttimpft
837 1905 920 1945 hast,

250 1949 316 1988 vgl.
337 1960 362 1981 c.
385 1948 435 1988 13,
455 1949 488 1979 7:
514 1950 553 1980 ei.
577 1967 621 1971 —
638 1960 719 1980 aras
738 1950 824 1991 e.s.,
844 1960 869 1980 5.
889 1949 919 1989 5,

252 1994 305 2033 30,
327 1994 355 2026 1.
374 2013 415 2016 —
436 1995 621 2033 ocem-sab„
643 1995 738 2025 ihnen
757 1999 919 2034 entgegen

252 2043 373 2078 treten,
399 2040 446 2069 sie
467 2039 554 2070 nicht
572 2040 686 2070 ziehen
705 2040 815 2070 lassen
834 2040 920 2070 wol-

251 2085 317 2115 len.

301 2128 452 2160 12—15.
484 2128 601 2160 ltalien
627 2129 712 2160 kann
740 2130 800 2160 wie
819 2130 918 2160 sehon

254 2174 371 2205 einmal
394 2175 494 2205 durch
520 2174 627 2216 Scipio
651 2175 681 2205 in
707 2175 756 2205 die
786 2177 918 2214 griisste

254 2218 377 2250 Gefahr
411 2219 571 2251 kmnmen.
609 2238 654 2242 -—
685 2219 765 2262 quid
793 2221 920 2263 porro?

252 2274 322 2295 was
352 2265 547 2296 weiterhin?
581 2265 687 2296 indem
718 2275 823 2308 porro
858 2266 918 2296 den

254 2309 459 2341 Fortschritt
493 2311 523 2341 in
557 2311 615 2341 der
648 2308 921 2350 Beweisfiihrung

254 2355 421 2393 andeutet,
440 2355 521 2396 quid
534 2353 593 2386 auf
607 2356 668 2386 deu
688 2365 791 2386 neuen
808 2354 920 2386 Grund

254 2398 475 2431 aufuierksam
508 2401 631 2438 macht3
667 2406 771 2432 etwas
800 2400 920 2431 anders

256 2444 321 2476 Cic.
338 2444 406 2476 Mil.
426 2445 455 2484 6,
479 2446 532 2477 15:
551 2445 630 2487 quid
641 2455 744 2488 port-0
759 2456 922 2487 quaeren-

256 2489 335 2520 dum
360 2492 432 2521 est?
464 2509 508 2513 -—
525 2492 683 2531 Ast-icae,
716 2491 776 2521 der
793 2489 922 2522 Viilker

256 2533 398 2575 Africus,
419 2545 477 2566 aus
495 2536 566 2567 dem
588 2536 790 2576 Vorhergeh,
811 2546 851 2566 zu
870 2546 922 2566 er-

257 2579 383 2610 kliiren.
407 2598 451 2602 —
476 2581 583 2620 ultro,
620 2581 672 2619 21,
702 2583 727 2619 l,
748 2580 777 2612 3.
796 2599 837 2603 —
855 2582 922 2612 iam

255 2634 307 2665 pr.
323 2634 384 2663 or„
403 2625 441 2655 da
456 2625 580 2657 bereits
595 2626 652 2657 der
667 2625 827 2665 Friihling
843 2627 923 2657 nahe

258 2669 318 2707 ist,
352 2670 433 2700 wird
459 2669 573 2710 Magos
599 2671 738 2702 Abreise
767 2682 830 2702 von
860 2672 923 2702 den

988 1588 1047 1619 der
1070 1588 1154 1619 Eile.
1177 1606 1222 1610 ——
1245 1598 1374 1619 omnem
1399 1588 1497 1629 Afra,
1528 1587 1598 1619 Afr.
1626 1588 1655 1618 in

991 1634 1114 1664 seinem
1133 1643 1258 1673 ganzen
1276 1632 1445 1672 Uinfange.
1464 1651 1508 1655 ——
1527 1643 1659 1673 eman„

989 1678 1039 1709 als
1058 1679 1099 1709 du
1117 1679 1168 1709 ihn
1188 1679 1218 1709 in
1239 1678 1355 1709 deinen
1375 1678 1521 1717 H'anden,
1545 1678 1660 1709 deiner

992 1722 1124 1755 Gewalt
1148 1724 1283 1754 hattest.
1308 1741 1350 1745 -—
1376 1725 1435 1754 tua
1464 1733 1584 1763 causa,
1620 1723 1660 1754 da

991 1769 1075 1799 dann
1098 1769 1192 1799 deine
1211 1766 1424 1808 Unffihigkeit
1447 1767 1535 1799 nieht
1558 1768 1659 1799 sicht-

992 1814 1051 1845 bar
1068 1814 1244 1853 geworden
1265 1813 1366 1844 w'zire.
1400 1812 1508 1845 Ueber
1523 1824 1589 1845 non
1607 1823 1661 1845 so-

992 1859 1072 1899 lum,
1090 1869 1116 1890 c.
1134 1859 1187 1897 40,
1207 1860 1236 1890 5,
1254 1876 1299 1880 -
1313 1861 1432 1901 patere
1448 1863 1521 1898 etc,
1539 1858 1659 1890 bittere

993 1903 1111 1943 Ironie,
1129 1904 1192 1935 wie
1211 1904 1309 1935 sehon
1328 1914 1425 1945 quem
1443 1906 1480 1935 tu
1497 1908 1571 1946 etc.,
1596 1903 1662 1934 und

994 1950 1183 1987 clausurus,
1199 1949 1301 1980 bildet
1315 1949 1374 1980 den
1384 1948 1580 1988 Uebergang·
1588 1958 1662 1979 zum

993 1994 1089 2034 Folg.
1108 2013 1152 2017 —
1168 2004 1335 2037 prospera
1351 2004 1414 2033 eta,
1440 2004 1465 2024 s.
1485 1993 1539 2032 21,
1558 1993 1611 2031 21,
1630 1993 1660 2032 9,

993 2050 1066 2070 zum
1091 2039 1271 2071 Gedanken
1296 2049 1321 2070 s.
1347 2038 1413 2069 Cic.
1440 2039 1478 2069 de
1503 2039 1576 2080 imp.
1603 2038 1660 2069 Cu.

992 2084 1103 2125 Pomp.
1129 2084 1160 2123 4,
1189 2083 1239 2114 10.
1262 2101 1306 2105 ——
1328 2085 1484 2126 imperio,
1516 2093 1541 2122 s,
1561 2094 1588 2114 c.
1607 2081 1659 2122 28,

996 2129 1046 2160 11.
1070 2147 1112 2151 -
1134 2128 1290 2170 delegare
1312 2129 1356 2160 ist
1379 2127 1427 2159 oft
1449 2128 1499 2159 bei
1523 2127 1576 2159 L.:
1600 2138 1660 2158 zu-

992 2174 1176 2206 schreiben.

1042 2219 1183 2250 16—17.
1219 2219 1267 2250 Du
1292 2224 1397 2250 musst
1414 2228 1529 2258 wegen
1548 2218 1663 2249 deiner

995 2264 1208 2303 Tiichtigkeit
1239 2265 1268 2295 in
1298 2264 1414 2295 ltalien
1445 2263 1575 2294 bleiben
1608 2273 1661 2295 um

994 2310 1064 2341 hier
1082 2310 1139 2341 mit
1153 2309 1311 2342 Hannibal
1326 2310 1431 2340 selbst
1444 2319 1485 2340 zu
1499 2307 1663 2350 k'timpfeu.

994 2373 1038 2377 —
1055 2365 1118 2397 (1110
1136 2374 1179 2378 —
1197 2367 1241 2394 es,
1257 2355 1336 2385 nach
1351 2355 1423 2386 dem
1439 2354 1661 2393 Vorhergeh.:

994 2403 1112 2443 palere
1130 2405 1192 2432 etc.
1213 2400 1317 2431 heisst
1335 2410 1387 2431 es:
1403 2400 1438 2440 je
1456 2397 1604 2440 tapferer
1621 2399 1664 2429 du

995 2447 1075 2476 nach
1094 2446 1209 2477 deiner
1226 2445 1382 2484 Meinung
1400 2445 1476 2475 bist.
1500 2462 1543 2466 —
1565 2453 1663 2486 prae-

995 2490 1081 2530 side,
1105 2501 1131 2521 s.
1151 2502 1178 2522 c.
1200 2490 1253 2529 39,
1275 2490 1329 2521 15:
1363 2489 1542 2529 Schiitzer,
1577 2487 1662 2519 Ver-

1687 859 1727 892 10

1688 1144 1727 1177 15

996 2536 1176 2575 theidiger,
1210 2536 1281 2566 hier
1298 2545 1361 2565 von
1381 2535 1452 2565 dem
1472 2533 1662 2564 Befehlsha·
1702 2548 1707 2556 ι

997 2580 1067 2620 ber,
1093 2582 1163 2612 dem
1183 2581 1273 2612 diese
1292 2579 1520 2618 Bezeichnung
1536 2578 1664 2618 eigent-

998 2625 1059 2656 lich
1079 2626 1253 2667 zukommt,
1270 2625 1350 2656 doch
1368 2625 1450 2655 wird
1467 2623 1664 2666 praesidere

997 2673 1078 2703 auch
1098 2682 1160 2702 von
1180 2670 1335 2712 Truppen
1353 2669 1534 2710 gebraucht
1553 2669 1665 2711 (prae-

1734 209 1740 262 ἒ

1509 261 1576 280 a.u.
1591 253 1653 280 549.
1690 273 1696 277 .
1739 263 1743 277 ·,

1736 86 1741 106 i

1733 120 1757 160 1}
