1784 2967
44 837 86 870 10

41 1118 81 1150 15

558 221 683 254 LIBER
708 221 825 254 XXX.
874 221 969 254 CAP.
997 221 1051 253 20.
1081 221 1135 252 21.
1448 221 1528 261 367

121 238 148 257 a.
165 231 217 257 ch.
230 232 291 257 203.

118 329 201 363 tum
232 323 402 362 millibus
437 328 675 362 armatorum
711 323 757 361 ad
789 323 1101 362 Trasumennum
1136 326 1201 361 aut
1226 322 1375 361 Cannas
1410 323 1529 361 caesis

119 380 220 419 circa
241 380 450 419 Casilinum
473 380 691 430 Cumasque
713 384 750 418 et
765 379 899 418 Nolam
923 379 1189 419 consenuisse.
1230 379 1323 418 haec
1343 391 1528 418 accusans

118 448 362 487 querensque
386 449 429 474 ex
453 436 597 474 diutina
617 436 874 486 possessione
894 436 1021 475 ltaliae
1042 441 1101 474 est
1122 436 1328 474 detractus.

231 492 396 531 Romam
417 505 488 543 per
509 492 668 530 eosdem
697 491 776 530 dies
807 497 845 531 et
863 493 1065 542 Magonem
1093 497 1129 530 et
1150 491 1400 530 Hannibalem
1428 503 1522 542 pro·
1551 490 1604 529 21

115 548 239 587 fectos
261 549 413 587 allatum
435 553 503 588 est.
545 548 652 586 cuius
681 548 845 599 duplicis
875 548 1139 599 gratulationis
1166 547 1308 586 minuit
1332 547 1526 595 laetitiam,

116 609 154 643 et
174 605 278 656 quod
301 617 438 656 parum
460 604 576 643 duces
598 604 638 642 in
658 604 868 643 retinendis
891 605 954 651 iis,
977 617 1064 643 cum
1085 605 1122 642 id
1145 604 1366 642 mandatum
1390 603 1437 642 ab
1461 616 1525 642 se-

114 666 208 700 natu
231 662 350 708 esses,
379 665 445 699 aut
472 660 590 698 animi
616 665 681 699 aut
706 660 843 700 virium
872 661 1053 700 habuisse
1082 660 1329 707 videbantur,
1357 665 1395 698 et
1423 660 1527 710 quod

114 717 266 755 solliciti
288 721 407 760 erant,
431 716 538 755 omni
559 716 647 755 belli
668 717 770 756 mole
791 718 830 755 in
852 728 973 755 unum
997 717 1207 756 exercitum
1230 717 1444 766 ducemque
1464 716 1524 755 in—

114 772 252 812 clinata
273 785 348 823 quo
372 785 532 811 evasura
554 778 656 811 esset
675 786 750 812 res.

227 830 302 868 Per
323 829 481 868 eosdem
504 829 584 867 dies
606 829 718 879 legati
740 829 940 880 Saguntini
961 834 1150 868 venerunt
1170 840 1414 879 conprensos
1437 839 1525 866 cum

112 885 277 935 pecunia
305 885 541 924 adducentes
568 885 913 936 Carthaginiensis,
943 886 1008 936 qui
1036 886 1082 924 ad
1113 885 1362 924 conducenda
1391 884 1527 923 auxilia

111 941 150 979 in
181 941 408 991 Hispaniam
438 941 695 980 traiecissent.
738 942 900 981 ducenta
928 948 966 980 et
991 955 1015 981 1.
1045 941 1147 987 auri,
1177 954 1271 980 neec
1300 941 1433 991 pondo
1462 952 1524 979 ar-

111 997 214 1048 genti
242 997 281 1035 in
310 997 498 1036 vestibulo
528 998 653 1036 curiae
682 1002 911 1048 posuerunt.
962 997 1187 1036 hominibus
1227 997 1393 1047 acceptis
1429 996 1523 1034 etin

112 1065 306 1092 carcerem
330 1053 509 1101 conditis,
532 1066 627 1092 auro
650 1059 886 1104 argentoque
907 1054 1077 1100 reddito,
1102 1053 1244 1104 gratiae
1266 1053 1398 1103 legatis
1420 1057 1525 1090 actae

111 1113 225 1160 atque
246 1109 406 1160 insuper
426 1115 585 1149 munera
608 1111 692 1148 data
715 1123 758 1148 ac
779 1122 909 1156 naves,
931 1110 1072 1160 quibus
1094 1110 1134 1148 in
1151 1109 1375 1160 Hispaniam
1397 1119 1524 1147 rever-

111 1169 297 1204 terantur.

223 1221 368 1260 Mentio
392 1221 529 1260 deinde
549 1221 595 1260 ab
618 1221 841 1261 senioribus
863 1221 961 1260 facta
979 1226 1038 1259 est
1054 1220 1210 1271 segnius
1227 1220 1406 1258 homines
1424 1219 1525 1258 bona

108 1331 159 1363 als
189 1342 227 1363 er
255 1342 296 1363 an
327 1333 387 1364 der
415 1333 530 1374 Spitze
560 1333 617 1364 des
647 1332 781 1364 Staates

109 1377 216 1408 stand.
233 1395 277 1400 —
293 1378 380 1409 host.
396 1377 444 1418 P,
464 1379 523 1409 den
540 1377 575 1408 P.
593 1378 643 1408 als
658 1377 780 1415 Feind3

107 1422 188 1453 aber
205 1423 264 1453 der
278 1422 474 1453 Nachdruck
493 1423 574 1462 liegt
590 1421 649 1453 auf
662 1424 695 1453 in
709 1422 781 1453 lta-

105 1466 161 1498 Iz'a.
175 1484 220 1489 —
233 1469 295 1499 aut
309 1466 422 1509 Cana„
441 1477 514 1498 zum
530 1467 625 1498 Theil
639 1467 689 1507 da,
709 1477 781 1498 zum

106 1510 203 1543 Theil
219 1521 270 1542 arn
289 1511 514 1543 Trasimenus.
529 1530 573 1534 -—-
586 1514 676 1543 circa
695 1510 782 1552 Cas„

106 1566 142 1588 es
162 1557 233 1588 sind
252 1556 303 1587 die
322 1556 381 1595 23,
403 1556 483 1587 14ff.
501 1557 694 1588 erw‘alinten
714 1556 781 1588 Un-

107 1601 367 1640 ternehmungen
392 1601 547 1641 genieint.
567 1620 608 1624 ——-
627 1612 672 1633 ea-
686 1612 780 1644 poss.

108 1646 404 1677 nachdriicklicher
426 1647 476 1678 als
500 1658 545 1678 ea:
562 1646 662 1678 Italia
680 1657 780 1688 qaam

106 1691 322 1734 possederat,
341 1692 407 1730 vgl.
426 1702 453 1722 c.
472 1690 525 1730 28,
547 1691 581 1729 13
601 1691 656 1731 22,
678 1692 728 1730 14,
747 1690 778 1722 6.

152 1730 218 1774 21,
241 1735 358 1766 1—10.
387 1735 620 1767 Verhiiltnisse
635 1736 665 1766 in
681 1735 779 1774 Rom3

107 1781 190 1823 App.
210 1780 314 1812 Hann.
334 1780 395 1819 613
414 1780 485 1811 Lib.
500 1780 562 1817 31;
583 1779 664 1811 Zon.
681 1780 711 1819 9,
730 1780 781 1811 14.

156 1827 170 1856 1
186 1844 231 1848 -
245 1825 275 1857 2.
318 1825 486 1867 gratulat.
503 1850 511 1864 ,
551 1823 782 1864 Freudeufest,

107 1870 256 1910 Freude,
281 1880 307 1901 5.
333 1881 360 1901 c.
387 1871 444 1910 17,
471 1869 521 1901 12.
544 1888 589 1892 ——
611 1869 729 1909 duces,
754 1880 791 1900 s„

108 1926 136 1949 c.
158 1915 190 1956 l,
216 1915 257 1954 33
277 1916 337 1946 der
353 1925 392 1946 an
410 1926 442 1946 u.
462 1915 510 1946 St.
530 1915 701 1946 erw'a'hnte
720 1915 781 1945 Be-

106 1959 175 1992 fehl
199 1961 244 1992 ist
262 1961 338 1991 dort
356 1961 445 1991 nicht
463 1970 498 1990 so
518 1960 684 1991 bestimmt
701 1969 780 1990 aus-

106 2006 323 2047 gesprochen.
341 2024 384 2029 —
400 2005 562 2044 inclinat„
582 2016 608 2036 s.
628 2004 681 2046 28,
703 2004 731 2043 1,
752 2004 780 2036 1.

152 2050 264 2081 3-5.
292 2060 367 2082 cum
388 2060 459 2093 pec.
484 2051 603 2090 geho'rt
625 2061 666 2080 zu
689 2060 780 2081 com-

103 2106 265 2139 prensos,
295 2096 379 2126 kann
409 2095 528 2135 jedoch
560 2095 709 2134 zugleich
739 2105 780 2125 zu

106 2140 310 2172 adducentes
324 2150 470 2180 gezogen
481 2141 630 2171 werden:
647 2140 694 2170 sie
710 2140 781 2170 hat-

107 2189 163 2216 ten
188 2185 235 2216 sie
261 2185 434 2224 ergriffen,
459 2186 518 2216 ehe
540 2186 587 2215 sie
612 2185 669 2215 das
695 2183 780 2215 Geld

106 2230 362 2269 verwendeten,
387 2230 451 2260 und
475 2230 631 2261 brachten
655 2231 703 2261 sie
721 2229 781 2260 mit

107 2274 309 2306 demselben.
343 2292 386 2296 —
419 2274 583 2314 ducenta,
617 2275 667 2305 die
707 2275 778 2305 hds.

107 2319 229 2350 Lesart
246 2319 425 2351 ducentum
442 2320 587 2357 miisste,
612 2329 707 2350 wenn
730 2320 778 2350 sie

107 2365 227 2403 richtig
259 2364 366 2403 w'zire,
395 2365 444 2394 als
479 2364 662 2405 elliptische
694 2364 779 2395 Con-

108 2410 271 2441 struction
291 2410 369 2439 nach
391 2409 541 2440 Gronov:
562 2409 697 2451 pondus
717 2409 779 2440 du-

108 2450 241 2486 centz‘lm
260 2454 426 2486 librarum
441 2472 486 2476 —
499 2454 611 2497 pondo
627 2454 779 2485 batrach-

107 2500 261 2538 werden,
287 2510 312 2530 s.
345 2498 387 2529 20
426 2499 483 2537 14,
508 2499 545 2537 ὃς
572 2500 652 2529 doch
677 2499 720 2529 ist
745 2509 779 2530 es

107 2544 439 2583 wahrscheinlicher,
464 2545 541 2575 dass
566 2544 616 2574 die
636 2543 779 2574 Zeichen

110 2589 177 2628 CC,
202 2590 264 2620 wie
289 2589 434 2629 sogleich
452 2588 565 2620 DCCC
581 2589 648 2620 sich
668 2589 698 2619 in
718 2589 780 2619 den

108 2633 183 2666 Hss.
213 2634 329 2675 findet,
354 2635 443 2665 nicht
472 2634 590 2674 richtig
613 2632 781 2673 aufgelb‘st

853 1333 919 1364 und
948 1332 1090 1365 ducenta
1114 1343 1156 1363 zu
1179 1331 1352 1363 schreiben
1377 1331 1443 1369 sei3
1468 1341 1527 1362 an-

855 1378 1024 1409 dererArt
1037 1377 1108 1408 sind
1124 1377 1175 1408 die
1185 1377 1312 1407 Stellen
1328 1376 1390 1407 wie
1405 1375 1458 1416 28,
1473 1376 1527 1416 45,

857 1422 917 1460 123
935 1422 993 1461 27,
1018 1422 1055 1463 4,
1073 1422 1092 1452 9
1110 1422 1252 1452 1111-
1269 1422 1434 1463 acceptis,
1453 1421 1527 1451 dar-

855 1468 936 1498 nach
962 1468 1007 1498 ist
1031 1467 1096 1497 wol
1119 1469 1153 1497 et
1175 1467 1254 1497 oder
1279 1467 1358 1496 nach
1382 1465 1525 1497 Putsche

854 1522 918 1553 que
934 1512 1014 1542 nach
1033 1514 1066 1542 z'n
1084 1509 1300 1551 ausgefallen,
1318 1511 1357 1541 da
1375 1512 1527 1553 accipere

853 1558 903 1587 als
932 1557 991 1587 dex·
1017 1555 1148 1587 reddito
1173 1555 1526 1595 gegeniiberstehende

853 1601 980 1641 Begriff
997 1601 1087 1632 nicht
1109 1601 1174 1631 wol
1199 1602 1249 1631 als
1268 1601 1397 1631 blosses
1416 1600 1525 1631 Attri-

852 1646 925 1678 but:
961 1646 1010 1677 als
1051 1656 1123 1677 man
1162 1646 1213 1676 die
1246 1655 1523 1685 angenommeneu

852 1690 1031 1722 Menschen
1047 1701 1078 1721 u.
1094 1701 1120 1721 5.
1136 1700 1178 1721 w.
1194 1690 1524 1721 betrachtetwerden

855 1736 954 1775 kann,
973 1736 1023 1766 ein
1042 1735 1236 1777 Asyndeton
1255 1735 1336 1765 aber
1354 1735 1424 1765 hier
1437 1735 1527 1765 nicht

854 1780 1005 1811 motivirt
1032 1781 1135 1811 wiire.
1158 1798 1200 1801 —
1224 1779 1384 1820 conditis,
1414 1789 1440 1810 s.
1471 1779 1525 1820 31,

855 1824 907 1865 23,
925 1825 964 1862 93
983 1825 1036 1864 45,
1054 1824 1108 1863 42,
1127 1824 1158 1854 6.

901 1869 1012 1900 6—7.
1037 1871 1163 1900 mentio
1179 1869 1285 1909 facta,
1303 1878 1330 1899 s.
1349 1867 1402 1907 29,
1424 1868 1473 1907 15,
1496 1868 1524 1899 1.

856 1932 897 1937 ——
919 1916 1060 1954 senior„
1084 1914 1143 1953 28,
1169 1913 1229 1954 40,
1254 1913 1285 1944 2.
1303 1931 1346 1936 —
1364 1916 1526 1954 quantum

852 1976 898 1982 ·-
921 1970 994 1990 esse
1019 1960 1234 1998 meminisse,
1258 1958 1288 1988 in
1309 1959 1415 1989 oratio
1435 1963 1526 1989 recta

853 2004 976 2035 konnte
990 2008 1108 2044 gesagt
1122 2004 1254 2034 werden
1266 2014 1273 2033 ε
1283 2006 1445 2045 quantum
1454 2013 1526 2034 esse

852 2050 1070 2080 meminimus
1086 2063 1131 2075 =
1145 2048 1332 2091 plurimum
1360 2059 1434 2079 esse
1455 2058 1525 2079 me-

853 2096 1030 2134 minimus,
1066 2104 1092 2125 s.
1127 2093 1186 2133 37,
1221 2092 1281 2133 26,
1318 2092 1373 2124 13:
1406 2093 1525 2132 dt'cere,

853 2142 977 2180 quanto
1001 2141 1111 2170 satius
1129 2149 1218 2178 esse,
1238 2138 1272 2176 7,
1294 2137 1344 2177 18,
1365 2138 1401 2177 53
1422 2138 1452 2177 4,
1471 2138 1524 2177 58,

856 2183 906 2221 13,
926 2194 976 2215 wo
996 2185 1046 2215 die
1062 2183 1138 2214 Hss.
1157 2182 1238 2224 quid
1252 2184 1382 2223 integri
1396 2193 1470 2214 esse
1482 2200 1526 2205 -—-

853 2232 1043 2271 rogitantes
1071 2228 1193 2266 haben;
1225 2226 1284 2265 38,
1310 2226 1370 2265 22,
1395 2229 1431 2266 53
1458 2228 1525 2266 vgl.

853 2274 907 2314 27,
925 2274 977 2314 40,
996 2273 1034 2311 23
1054 2272 1107 2311 21,
1127 2272 1178 2314 30,
1195 2272 1232 2309 ὃς
1249 2272 1316 2303 Cic.
1332 2272 1402 2303 Mil.
1421 2274 1448 2310 7,
1468 2272 1523 2303 16:

853 2322 1016 2361 quantum
1040 2318 1166 2350 luctum
1189 2319 1222 2348 in
1240 2318 1300 2348 lzac
1317 2318 1525 2359 urbeficisse

852 2375 874 2395 a
895 2366 1024 2396 nostris
1046 2364 1246 2406 parentibus
1264 2364 1472 2404 accepimus;
1493 2363 1522 2392 in

854 2420 902 2440 or.
922 2409 1052 2450 obliqua
1070 2409 1157 2439 also:
1185 2410 1349 2449 quantum
1366 2418 1440 2438 esse
1456 2417 1526 2437 me-

853 2456 1009 2490 minisse,
1024 2453 1107 2484 iiber
1122 2464 1196 2484 esse
1210 2463 1234 2483 s.
1246 2451 1284 2483 Z.
1298 2451 1318 2493 ξ
1333 2451 1408 2483 589.
1435 2452 1523 2482 Docli

853 2500 897 2530 ist
925 2500 974 2529 die
999 2498 1188 2529 Construct.
1213 2498 1303 2534 hart,
1329 2498 1380 2527 die
1406 2497 1525 2527 Lesart

854 2544 947 2575 einer
971 2548 1070 2583 ἶ«1111811
1090 2543 1168 2573 Hds.
1193 2545 1355 2584 quantum
1375 2561 1416 2563 —
1436 2544 1525 2572 esset

852 2591 1060 2625 meminisse,
1086 2599 1112 2618 S.
1137 2587 1202 2619 Cic.
1227 2587 1318 2618 Lael.
1340 2587 1374 2625 1,
1399 2586 1435 2617 2:
1454 2597 1522 2617 me-

853 2635 984 2665 ministi
1010 2651 1054 2656 --—
1083 2635 1209 2674 quanta
1237 2634 1326 2664 esset
1351 2632 1522 2664 hominum
