1784 2967
162 547 202 579 10

162 602 199 634 11

162 827 201 859 12

159 1110 198 1143 13

157 1282 198 1314 14

157 1397 195 1429 15

697 213 824 246 LIBER
842 213 968 246 XXVI.
1001 213 1094 245 CAP.
1118 213 1171 245 17.
1492 230 1519 249 a.
1534 230 1563 248 u.
1577 222 1640 248 543.

231 215 312 255 242

232 317 348 365 irent,
375 321 417 356 ut
444 316 527 367 ipsa
554 315 726 367 paucitas
755 328 841 355 cum
864 316 911 355 ad
932 316 1083 355 hostem
1107 315 1259 354 silentio
1281 314 1490 354 fallendum
1513 315 1640 366 aptior

232 379 314 412 tum
343 374 389 412 ad
418 372 656 412 evadendum
684 384 753 424 per
774 377 874 411 artas
895 372 1053 411 semitas
1076 384 1119 410 ac
1141 371 1305 411 difficilis
1328 376 1441 411 esset.
1480 376 1637 410 ventum

232 429 449 480 insequenti
470 428 530 467 die
551 429 598 468 ad
621 428 871 479 conloquium
894 434 968 476 est3
990 429 1057 467 sed
1073 428 1268 479 loquendo
1285 427 1393 479 plura
1411 427 1637 466 scribendo-

232 498 306 536 que
334 486 461 524 dedita
490 497 608 536 opera
634 497 729 536 quae
749 486 788 523 in
808 497 889 524 rem
911 497 992 524 non
1013 490 1144 523 essent
1165 485 1224 523 die
1247 489 1480 534 consumpto
1502 484 1542 522 in
1564 496 1635 536 po-

233 547 380 581 sterum
403 542 562 581 dilatum
583 546 654 580 est.
696 541 823 580 addita
842 541 1053 592 insequens
1075 554 1153 580 nox
1175 540 1343 592 spatium
1364 539 1469 579 dedit
1489 545 1526 578 et
1541 540 1635 579 alios

232 598 443 637 emittendi.
482 609 555 637 nec
570 602 730 649 postero
749 597 810 636 die
826 610 889 636 res
906 598 1022 636 finem
1039 598 1195 636 invenit.
1228 597 1277 636 ita
1294 597 1439 647 aliquot
1455 596 1536 635 dies
1554 596 1636 635 dis-

232 655 422 704 ceptando
451 654 577 705 palam
605 655 651 692 de
678 653 827 703 legibus
855 659 1069 704 noctesque
1097 654 1317 693 emittendis
1341 654 1437 692 clam
1459 665 1479 691 e
1501 653 1635 692 castris

232 710 612 761 Carthaginiensibus
643 710 883 760 absumptae.
925 715 962 748 et
991 715 1199 761 postquam
1227 722 1318 761 pars
1347 708 1474 748 maior
1494 708 1635 747 emissa

230 768 420 807 exercitus
442 772 540 811 erat,
562 767 638 805 iam
660 778 709 804 ne
730 765 775 804 iis
799 765 975 816 quidem,
997 779 1093 817 quae
1114 767 1213 805 ultro
1236 766 1334 805 dieta
1355 771 1480 812 erant,
1504 765 1635 804 staba-

230 828 311 872 tur,
353 824 560 873 minusque
591 835 634 860 ac
668 822 798 860 minus
834 834 922 860 cum
955 822 1098 861 timore
1134 823 1250 862 simul
1281 823 1354 861 [ide
1388 822 1635 860 decrescente

229 879 493 918 conveniebat.
534 878 612 917 iam
632 878 755 916 ferme
775 878 975 929 pedestres
998 891 1134 918 omnes
1157 879 1290 929 copiae
1306 883 1507 917 evaserant
1522 890 1542 916 e
1559 878 1634 917 sal-

229 941 282 983 tu,
305 948 392 974 cum
415 935 539 986 prima
560 935 644 973 luce
665 935 782 973 densa
803 934 939 973 nebula
961 935 1102 973 saltum
1125 947 1281 974 omnem
1305 947 1541 985 camposque
1559 934 1633 973 cir-

230 1005 270 1031 ca
292 992 437 1030 intexit.
478 992 582 1042 quod
605 991 670 1029 ubi
693 991 815 1029 sensit
834 991 1063 1038 Hasdrubal,
1086 991 1202 1030 mittit
1223 992 1270 1030 ad
1292 991 1486 1029 Neronem
1510 990 1574 1041 qui
1595 991 1635 1028 in

228 1053 429 1100 posterum
452 1048 552 1086 diem
575 1048 823 1098 conloquium
846 1048 1031 1086 differret:
1052 1047 1157 1086 illum
1182 1047 1282 1086 diem
1300 1047 1524 1097 religiosum
1542 1046 1635 1086 Car-

228 1104 534 1155 thaginiensibus
569 1104 614 1142 ad
644 1104 838 1154 agendum
867 1105 1071 1155 quicquam
1100 1104 1155 1143 rei
1183 1104 1304 1143 seriae
1331 1116 1430 1142 esse.
1476 1114 1525 1142 ne
1551 1108 1634 1141 tum

228 1161 385 1212 quidem
408 1165 587 1211 suspecta
607 1161 724 1200 fraus.
766 1173 853 1199 cum
876 1166 978 1199 esset
999 1161 1084 1199 data
1105 1161 1213 1199 venia
1234 1160 1314 1199 eius
1334 1159 1419 1206 diei,
1442 1159 1633 1210 extemplo

230 1219 326 1268 [que]
347 1217 562 1256 Hasdrubal
583 1229 670 1255 cum
693 1217 863 1268 equitatu
880 1217 1166 1268 elephantisque
1184 1217 1319 1256 castris
1337 1228 1528 1267 egressus,
1550 1216 1634 1254 sine

226 1274 301 1313 ullo
329 1274 498 1313 tumultu
525 1273 563 1311 in
590 1277 717 1312 tutum
746 1273 874 1312 evasit.
918 1274 1014 1312 liora
1040 1274 1162 1312 ferme
1191 1278 1324 1324 quarta
1352 1273 1524 1324 dispulsa
1552 1273 1633 1311 sole

224 1326 362 1369 nebula
383 1330 533 1381 aperuit
554 1329 666 1376 diem,
688 1342 880 1381 vacuaque
902 1330 1075 1368 hostium
1098 1334 1223 1368 castra
1246 1333 1531 1380 conspexerunt
1551 1328 1630 1367 Ro—

225 1387 340 1427 mani.
380 1392 464 1425 tum
486 1386 644 1425 demum
661 1386 838 1425 Claudius
855 1385 1040 1426 Punicam
1056 1387 1231 1425 fraudem
1250 1386 1509 1437 adgnoscens,
1532 1389 1574 1424 ut
1590 1397 1632 1424 se

223 1509 302 1542 dere
313 1509 472 1553 periculo,
486 1509 552 1549 vgl.
571 1508 591 1551 §
604 1509 653 1540 12.
669 1526 712 1530 —
729 1510 892 1551 aptior·—

223 1558 329 1596 esset,
359 1556 410 1586 die
426 1554 567 1595 ssegriffe
591 1552 650 1585 auf
669 1553 763 1584 beide
789 1553 890 1586 S'a'tze

222 1600 396 1638 vertbeilt3
428 1600 509 1631 doch
539 1599 623 1630 kann
652 1600 766 1642 aptior
788 1599 890 1631 leicht

221 1646 303 1676 auch
324 1645 403 1676 nael]
418 1648 488 1676 tum
504 1644 644 1685 gedacht
656 1644 802 1684 werden,
821 1645 889 1685 vgl.

222 1700 248 1721 e.
268 1690 321 1732 27,
342 1690 399 1728 12;
419 1691 449 1729 9,
468 1689 522 1728 24,
541 1689 576 1721 8:
601 1689 692 1721 locus
715 1699 780 1731 pro
796 1691 890 1721 vobis

220 1737 253 1766 et
265 1746 337 1767 ηοω
353 1736 436 1774 erit,·
458 1734 487 1774 3,
503 1735 556 1774 55,
576 1734 612 1764 7:
631 1744 707 1765 cum
724 1734 890 1776 religione

218 1791 274 1811 eos
289 1780 465 1812 inviolatos
481 1782 553 1811 tum
575 1779 648 1821 Iege
671 1780 773 1810 etiam
793 1780 886 1820 fece-

218 1828 319 1863 runt5
335 1825 365 1867 4,
383 1824 413 1865 2,
433 1825 470 1864 23
488 1824 554 1857 Cic.
574 1825 614 1855 de
632 1834 702 1866 rep.
721 1823 749 1865 2,
769 1823 800 1864 2,
818 1824 849 1856 4.

262 1914 394 1946 9—12.
419 1914 536 1958 plura,
568 1914 618 1945 als
660 1914 772 1954 no'thig
800 1924 884 1955 war,

215 1960 318 1991 niiher
332 1960 501 1991 bestifflmt
528 1960 629 1990 durch
653 1969 738 2001 quae
757 1961 791 1990 in
814 1970 887 1991 rem

215 2015 281 2036 non
296 2007 422 2043 essent,
442 2015 468 2036 s.
484 2015 511 2035 c.
530 2004 584 2041 44,
604 2004 639 2034 7:
670 2006 798 2045 quaein
814 2014 887 2035 rem

214 2052 314 2086 smm-
332 2049 385 2088 22,
404 2048 433 2089 3,
452 2048 482 2081 2.
501 2067 545 2070 -
561 2048 714 2087 dilatum,
733 2048 784 2079 die
797 2048 885 2080 Ver-

214 2095 391 2134 handlung,
406 2094 550 2125 nachher
566 2104 633 2125 res.
649 2094 884 2136 —absumpt.,

214 2140 375 2170 zuniichst
389 2137 447 2170 auf
465 2141 580 2170 noctes
601 2138 766 2178 bezogen3
799 2139 882 2170 ohne

212 2184 440 2216 bedeutenden
466 2183 686 2216 Unterschied
711 2193 775 2215 von
808 2184 880 2215 dem

212 2230 335 2260 vorher
359 2229 581 2270 gebrauchten
611 2238 817 2260 consumere.
835 2246 879 2251 —

209 2285 292 2317 pars
304 2276 382 2306 mai.
394 2274 496 2305 findet
509 2274 577 2305 sich
587 2274 675 2305 nicht
685 2273 880 2314 selten‚s.'1‚

211 2318 265 2359 32,
287 2319 344 2358 123
363 2319 394 2357 9,
413 2318 466 2358 46,
486 2318 596 2358 7323,
615 2318 646 2359 6,
664 2318 683 2349 4
698 2329 729 2349 u.
746 2318 880 2360 a.,aber

209 2365 291 2396 auch
308 2367 419 2396 maior
433 2374 536 2407 pars;
565 2363 634 2404 vgl.
658 2374 684 2395 c.
706 2363 762 2403 14,
781 2363 817 2402 2;
848 2363 878 2403 3,

211 2409 240 2449 0,
260 2410 278 2440 8
298 2421 328 2441 u.
346 2421 374 2442 a.
406 2411 577 2449 sumatur,
608 2408 670 2439 wie
696 2410 876 2452 promisso,

209 2455 357 2497 consilio,
374 2456 405 2496 7,
425 2455 477 2494 35,
493 2453 689 2496 2,foedet·e,
703 2453 757 2492 21,
780 2455 831 2493 19,
846 2455 876 2497 4,

209 2502 301 2531 stare
318 2511 349 2531 u.
375 2511 404 2532 a.
433 2518 478 2523 —
505 2502 617 2532 minus
646 2509 676 2531 a.
702 2510 765 2541 πμ,
793 2500 876 2531 iiber

208 2544 694 2586 immerwenigerkonnte,man
710 2545 777 2575 sich
793 2545 876 2577 eini-

208 2599 282 2629 gen,
300 2591 362 2621 wie
381 2601 454 2631 res,
484 2591 544 2622 hoc
573 2591 735 2621 convenit.
760 2609 802 2614 —-
826 2593 877 2622 in-

209 2635 306 2676 test-It,
325 2645 352 2666 s.
373 2636 402 2675 Τ,
422 2636 474 2676 23,
494 2635 529 2666 6:
560 2635 642 2667 vallo
661 2637 781 2676 integit
805 2635 876 2668 Ro-

964 1520 1102 1546 7nanos,·
1120 1509 1174 1548 27,
1193 1508 1221 1551 3,
1242 1508 1272 1540 3.
1290 1527 1332 1530 —
1351 1510 1456 1551 qui—
1465 1508 1632 1550 diffamet,

964 1555 1059 1586 einen
1077 1555 1200 1593 Boten,
1230 1555 1289 1585 der
1307 1554 1367 1585 den
1386 1552 1556 1585 Aufschub
1574 1553 1631 1584 be-

961 1600 1089 1631 wirken
1113 1599 1224 1630 sollte.
1258 1616 1300 1621 —
1330 1598 1479 1640 religios.
1504 1599 1632 1630 entha'lt

963 1646 1024 1676 den
1043 1643 1179 1685 Begriff:
1210 1644 1427 1684 ungeeignet,
1458 1643 1548 1675 nicht
1571 1654 1630 1684 ge-

963 1695 1082 1722 stattet
1098 1688 1169 1728 fiir,
1193 1690 1295 1720 daher
1311 1688 1371 1728 ad;
1401 1689 1436 1720 L.
1461 1688 1562 1720 denkt
1589 1698 1629 1720 an

962 1736 1013 1767 die
1033 1735 1102 1767 dies
1120 1734 1273 1776 religiosi
1294 1735 1353 1765 der
1377 1733 1515 1772 Ro'mer,
1545 1744 1571 1765 s.
1598 1733 1628 1773 6,

962 1781 991 1820 1,
1013 1780 1067 1812 11;
1091 1781 1325 1821 insignemque
1351 1780 1404 1810 rei
1426 1778 1552 1811 nullius
1566 1789 1630 1821 pu-

960 1825 1041 1857 blice
1050 1826 1276 1869 privatimque
1288 1823 1449 1866 agendae.
1467 1842 1513 1846 —
1525 1825 1577 1856 rei
1587 1835 1626 1864 s.,

959 1870 1000 1902 23
1032 1871 1061 1910 7,
1083 1870 1134 1901 11.

1003 1896 1242 1948 ⁷13-16.2-em·a
1251 1925 1277 1946 e.
1288 1914 1329 1956 d,
1345 1914 1428 1954 „sed
1441 1918 1494 1945 est
1502 1913 1628 1945 veniam

960 1961 1038 1992 dare
1052 1961 1151 1992 etiam
1165 1960 1361 2001 simpliciter
1375 1969 1433 2001 pro
1449 1962 1565 1998 rogata
1577 1956 1630 1989 fa-

959 2015 1035 2036 cere
1059 2005 1239 2045 „Eruesth
1263 2005 1321 2035 der
1339 2003 1410 2043 Tag
1433 2003 1626 2043 nachgelas-

958 2059 1016 2080 sen
1036 2059 1123 2091 war,
1142 2050 1209 2089 vgl.
1229 2048 1297 2080 Cic.
1316 2048 1374 2079 Or.
1390 2048 1426 2087 2,
1455 2047 1515 2088 48,
1545 2047 1623 2079 193:

955 2096 1015 2126 via·
1042 2097 1081 2126 ut
1106 2095 1190 2126 mihi
1209 2095 1320 2126 tenuis
1343 2092 1507 2135 quaedam
1529 2094 1625 2124 venia

956 2139 1098 2171 daretur
1122 2140 1374 2176 accusationi&
1406 2138 1557 2178 h'ziufiger
1579 2138 1623 2170 ist

953 2185 1034 2216 lzaee
1052 2187 1146 2217 venia
1167 2185 1288 2221 datum
1317 2188 1421 2215 etwas
1447 2183 1568 2214 anders
1591 2183 1622 2222 8,

954 2229 1006 2269 35,
1029 2230 1084 2261 12:
1111 2233 1182 2262 elus
1202 2228 1326 2273 populo
1346 2228 1386 2261 R.
1416 2229 1550 2260 veniam
1567 2227 1625 2260 de-

952 2275 1069 2306 disset.
1097 2294 1141 2297 —
1169 2274 1402 2318 eat-temploque
1434 2273 1538 2305 haben
1569 2274 1620 2305 die

951 2319 1044 2359 Hss.;
1063 2330 1098 2351 es
1117 2320 1243 2352 iniisste
1259 2320 1342 2351 dann
1368 2321 1459 2350 esset
1478 2319 1560 2349 auch
1579 2329 1619 2349 zu

951 2365 1074 2396 diesem
1089 2365 1188 2397 Satze
1203 2375 1352 2406 gezogen
1366 2363 1518 2402 werden3
1537 2363 1618 2394 doch

949 2410 1086 2451 beginnt
1119 2411 1178 2442 der
1210 2410 1377 2442 Nachsatz
1412 2408 1528 2439 besser
1561 2408 1620 2440 mit

949 2456 1128 2500 ecctemplo,
1145 2455 1212 2496 vgl.
1232 2455 1285 2495 25,
1304 2454 1358 2494 40,
1377 2453 1414 2493 9;
1445 2452 1506 2492 23,
1525 2452 1577 2494 44,
1597 2453 1615 2484 7

947 2511 979 2532 u.
999 2499 1056 2538 oft,
1074 2502 1138 2532 und
1153 2512 1215 2543 que
1231 2501 1274 2532 ist
1289 2499 1354 2530 wol
1366 2508 1425 2529 aus
1441 2497 1616 2538 delnFolg.

949 2547 1156 2577 entstanden.
1174 2565 1218 2569 —
1235 2544 1387 2588 dispulsa
1405 2547 1484 2584 etc.,
1515 2553 1543 2574 s.
1562 2542 1614 2581 22,

949 2591 979 2631 6,
999 2591 1030 2622 9.
1059 2610 1103 2614 —
1135 2592 1280 2635 aperuit,
1305 2599 1379 2620 zum
1401 2587 1618 2619 Durchbruclr

947 2636 1096 2668 kommen
1114 2637 1213 2678 liess,
1244 2635 1333 2667 nicht
1354 2634 1447 2665 mehr
1469 2633 1522 2664 ihn
1541 2633 1613 2664 hin-

1666 830 1707 863 10

1665 1110 1704 1142 15

1660 1394 1704 1427 20
