<?xml version="1.0" encoding="UTF-8"?>
<!DOCTYPE html PUBLIC "-//W3C//DTD XHTML 1.0 Transitional//EN"
    "http://www.w3.org/TR/xhtml1/DTD/xhtml1-transitional.dtd">
<html xmlns="http://www.w3.org/1999/xhtml" xml:lang="en" lang="en">
 <head>
  <title>
</title>
<meta http-equiv="Content-Type" content="text/html;charset=utf-8" />
  <meta name='ocr-system' content='tesseract 3.04.00' />
  <meta name='ocr-capabilities' content='ocr_page ocr_carea ocr_par ocr_line ocrx_word'/>
</head>
<body>
  <div class='ocr_page' id='page_1' title='image "./aburbeconditalib0506livyuoft_0559.png"; bbox 0 0 1784 2967; ppageno 0'>
   <div class='ocr_carea' id='block_1_1' title="bbox 0 108 30 2967">
    <p class='ocr_par' dir='ltr' id='par_1_1' title="bbox 0 108 30 2967">
     <span class='ocr_line' id='line_1_1' title="bbox 0 108 30 2967; baseline 0 0"><span class='ocrx_word' id='word_1_1' title='bbox 0 108 30 2967; x_wconf 95' lang='lat' dir='ltr'> </span> 
     </span>
    </p>
   </div>
   <div class='ocr_carea' id='block_1_2' title="bbox 98 843 136 873">
    <p class='ocr_par' dir='ltr' id='par_1_2' title="bbox 98 843 136 873">
     <span class='ocr_line' id='line_1_2' title="bbox 98 843 136 873; baseline -0.026 0"><span class='ocrx_word' id='word_1_2' title='bbox 98 843 136 873; x_wconf 73' lang='lat'>1¹0</span> 
     </span>
    </p>
   </div>
   <div class='ocr_carea' id='block_1_3' title="bbox 96 1123 133 1153">
    <p class='ocr_par' dir='ltr' id='par_1_3' title="bbox 96 1123 133 1153">
     <span class='ocr_line' id='line_1_3' title="bbox 96 1123 133 1153; baseline 0.027 -1"><span class='ocrx_word' id='word_1_3' title='bbox 96 1123 133 1153; x_wconf 71' lang='lat'>123</span> 
     </span>
    </p>
   </div>
   <div class='ocr_carea' id='block_1_4' title="bbox 163 223 1568 1391">
    <p class='ocr_par' dir='ltr' id='par_1_4' title="bbox 163 223 1568 1391">
     <span class='ocr_line' id='line_1_4' title="bbox 167 223 1565 262; baseline -0.006 -1"><span class='ocrx_word' id='word_1_4' title='bbox 167 245 197 261; x_wconf 61' lang='lat' dir='ltr'>a.</span> <span class='ocrx_word' id='word_1_5' title='bbox 223 236 349 261; x_wconf 53' lang='lat' dir='ltr'>Chaos.</span> <span class='ocrx_word' id='word_1_6' title='bbox 609 224 735 257; x_wconf 86' lang='lat' dir='ltr'>LIBER</span> <span class='ocrx_word' id='word_1_7' title='bbox 761 223 918 256; x_wconf 71' lang='lat' dir='ltr'>XXVIII.</span> <span class='ocrx_word' id='word_1_8' title='bbox 967 224 1059 256; x_wconf 85' lang='lat' dir='ltr'>CAP.</span> <span class='ocrx_word' id='word_1_9' title='bbox 1086 224 1139 256; x_wconf 87' lang='lat'>22.</span> <span class='ocrx_word' id='word_1_10' title='bbox 1492 225 1565 262; x_wconf 81' lang='lat'>175</span> 
     </span>
     <span class='ocr_line' id='line_1_5' title="bbox 165 325 1566 379; baseline -0.003 -11"><span class='ocrx_word' id='word_1_11' title='bbox 165 335 248 368; x_wconf 84' lang='lat' dir='ltr'>erat</span> <span class='ocrx_word' id='word_1_12' title='bbox 266 328 372 375; x_wconf 85' lang='lat' dir='ltr'>urbs,</span> <span class='ocrx_word' id='word_1_13' title='bbox 393 327 764 379; x_wconf 81' lang='lat' dir='ltr'>Carthaginiensium</span> <span class='ocrx_word' id='word_1_14' title='bbox 785 339 938 377; x_wconf 84' lang='lat' dir='ltr'>semper</span> <span class='ocrx_word' id='word_1_15' title='bbox 955 326 1095 377; x_wconf 81' lang='lat' dir='ltr'>partis;</span> <span class='ocrx_word' id='word_1_16' title='bbox 1116 338 1241 377; x_wconf 91' lang='lat' dir='ltr'>neque</span> <span class='ocrx_word' id='word_1_17' title='bbox 1257 325 1292 364; x_wconf 94' lang='lat' dir='ltr'>id</span> <span class='ocrx_word' id='word_1_18' title='bbox 1311 329 1387 365; x_wconf 85' lang='lat' dir='ltr'>tam</span> <span class='ocrx_word' id='word_1_19' title='bbox 1407 326 1566 376; x_wconf 84' lang='lat' dir='ltr'>dignum</span> 
     </span>
     <span class='ocr_line' id='line_1_6' title="bbox 166 382 1567 435; baseline -0.003 -11"><span class='ocrx_word' id='word_1_20' title='bbox 166 386 219 424; x_wconf 86' lang='lat' dir='ltr'>ira</span> <span class='ocrx_word' id='word_1_21' title='bbox 240 390 332 431; x_wconf 86' lang='lat' dir='ltr'>erat,</span> <span class='ocrx_word' id='word_1_22' title='bbox 355 397 469 435; x_wconf 81' lang='lat' dir='ltr'>quam</span> <span class='ocrx_word' id='word_1_23' title='bbox 489 385 590 435; x_wconf 85' lang='lat' dir='ltr'>quod</span> <span class='ocrx_word' id='word_1_24' title='bbox 609 389 713 422; x_wconf 84' lang='lat' dir='ltr'>extra</span> <span class='ocrx_word' id='word_1_25' title='bbox 730 384 979 422; x_wconf 80' lang='lat' dir='ltr'>necessitates</span> <span class='ocrx_word' id='word_1_26' title='bbox 997 383 1080 421; x_wconf 90' lang='lat' dir='ltr'>belli</span> <span class='ocrx_word' id='word_1_27' title='bbox 1098 382 1348 434; x_wconf 89' lang='lat' dir='ltr'>praecipuum</span> <span class='ocrx_word' id='word_1_28' title='bbox 1366 382 1405 420; x_wconf 94' lang='lat' dir='ltr'>in</span> <span class='ocrx_word' id='word_1_29' title='bbox 1422 382 1567 420; x_wconf 86' lang='lat' dir='ltr'>Roma-</span> 
     </span>
     <span class='ocr_line' id='line_1_7' title="bbox 168 438 1564 492; baseline -0.003 -11"><span class='ocrx_word' id='word_1_30' title='bbox 168 454 240 481; x_wconf 87' lang='lat' dir='ltr'>nos</span> <span class='ocrx_word' id='word_1_31' title='bbox 265 441 450 492; x_wconf 80' lang='lat' dir='ltr'>gerebant</span> <span class='ocrx_word' id='word_1_32' title='bbox 477 440 622 479; x_wconf 85' lang='lat' dir='ltr'>odium.</span> <span class='ocrx_word' id='word_1_33' title='bbox 662 451 735 479; x_wconf 91' lang='lat' dir='ltr'>nec</span> <span class='ocrx_word' id='word_1_34' title='bbox 757 440 892 478; x_wconf 88' lang='lat' dir='ltr'>urbem</span> <span class='ocrx_word' id='word_1_35' title='bbox 914 445 977 478; x_wconf 87' lang='lat' dir='ltr'>aut</span> <span class='ocrx_word' id='word_1_36' title='bbox 999 440 1074 478; x_wconf 87' lang='lat' dir='ltr'>situ</span> <span class='ocrx_word' id='word_1_37' title='bbox 1095 444 1160 478; x_wconf 90' lang='lat' dir='ltr'>aut</span> <span class='ocrx_word' id='word_1_38' title='bbox 1180 438 1422 477; x_wconf 89' lang='lat' dir='ltr'>munimento</span> <span class='ocrx_word' id='word_1_39' title='bbox 1444 443 1564 477; x_wconf 85' lang='lat' dir='ltr'>tutam</span> 
     </span>
     <span class='ocr_line' id='line_1_8' title="bbox 169 495 1565 549; baseline -0.002 -12"><span class='ocrx_word' id='word_1_40' title='bbox 169 499 374 545; x_wconf 83' lang='lat' dir='ltr'>habebant,</span> <span class='ocrx_word' id='word_1_41' title='bbox 397 510 492 549; x_wconf 88' lang='lat' dir='ltr'>quae</span> <span class='ocrx_word' id='word_1_42' title='bbox 511 496 721 536; x_wconf 84' lang='lat' dir='ltr'>ferociores</span> <span class='ocrx_word' id='word_1_43' title='bbox 742 496 787 535; x_wconf 85' lang='lat' dir='ltr'>iis</span> <span class='ocrx_word' id='word_1_44' title='bbox 809 496 958 534; x_wconf 90' lang='lat' dir='ltr'>animos</span> <span class='ocrx_word' id='word_1_45' title='bbox 980 495 1138 540; x_wconf 85' lang='lat' dir='ltr'>faceret;</span> <span class='ocrx_word' id='word_1_46' title='bbox 1160 496 1226 533; x_wconf 90' lang='lat' dir='ltr'>sed</span> <span class='ocrx_word' id='word_1_47' title='bbox 1249 495 1398 545; x_wconf 83' lang='lat' dir='ltr'>ingenia</span> <span class='ocrx_word' id='word_1_48' title='bbox 1420 495 1565 534; x_wconf 90' lang='lat' dir='ltr'>incola-</span> 
     </span>
     <span class='ocr_line' id='line_1_9' title="bbox 167 551 1566 603; baseline -0.004 -9"><span class='ocrx_word' id='word_1_49' title='bbox 167 567 267 603; x_wconf 89' lang='lat' dir='ltr'>rum,</span> <span class='ocrx_word' id='word_1_50' title='bbox 284 554 484 593; x_wconf 88' lang='lat' dir='ltr'>latrocinio</span> <span class='ocrx_word' id='word_1_51' title='bbox 500 554 605 601; x_wconf 87' lang='lat' dir='ltr'>laeta,</span> <span class='ocrx_word' id='word_1_52' title='bbox 619 558 661 591; x_wconf 90' lang='lat' dir='ltr'>ut</span> <span class='ocrx_word' id='word_1_53' title='bbox 677 552 925 592; x_wconf 81' lang='lat' dir='ltr'>excursiones</span> <span class='ocrx_word' id='word_1_54' title='bbox 943 553 981 590; x_wconf 89' lang='lat' dir='ltr'>in</span> <span class='ocrx_word' id='word_1_55' title='bbox 998 552 1204 590; x_wconf 82' lang='lat' dir='ltr'>finitimum</span> <span class='ocrx_word' id='word_1_56' title='bbox 1222 564 1354 602; x_wconf 83' lang='lat' dir='ltr'>agrum</span> <span class='ocrx_word' id='word_1_57' title='bbox 1372 551 1566 590; x_wconf 90' lang='lat' dir='ltr'>sociorum</span> 
     </span>
     <span class='ocr_line' id='line_1_10' title="bbox 168 608 1568 662; baseline -0.004 -12"><span class='ocrx_word' id='word_1_58' title='bbox 168 611 301 662; x_wconf 88' lang='lat' dir='ltr'>populi</span> <span class='ocrx_word' id='word_1_59' title='bbox 322 610 486 650; x_wconf 84' lang='lat' dir='ltr'>Romani</span> <span class='ocrx_word' id='word_1_60' title='bbox 512 610 697 656; x_wconf 87' lang='lat' dir='ltr'>facerent,</span> <span class='ocrx_word' id='word_1_61' title='bbox 727 609 978 660; x_wconf 79' lang='lat' dir='ltr'>impulerant,</span> <span class='ocrx_word' id='word_1_62' title='bbox 1010 613 1048 646; x_wconf 90' lang='lat' dir='ltr'>et</span> <span class='ocrx_word' id='word_1_63' title='bbox 1069 620 1183 658; x_wconf 83' lang='lat' dir='ltr'>vagos</span> <span class='ocrx_word' id='word_1_64' title='bbox 1208 608 1347 646; x_wconf 80' lang='lat' dir='ltr'>milites</span> <span class='ocrx_word' id='word_1_65' title='bbox 1369 608 1568 646; x_wconf 87' lang='lat' dir='ltr'>Romanos</span> 
     </span>
     <span class='ocr_line' id='line_1_11' title="bbox 165 663 1567 718; baseline -0.003 -12"><span class='ocrx_word' id='word_1_66' title='bbox 165 668 335 718; x_wconf 82' lang='lat' dir='ltr'>lixasque</span> <span class='ocrx_word' id='word_1_67' title='bbox 363 673 400 706; x_wconf 92' lang='lat' dir='ltr'>et</span> <span class='ocrx_word' id='word_1_68' title='bbox 428 671 664 705; x_wconf 85' lang='lat' dir='ltr'>mercatores</span> <span class='ocrx_word' id='word_1_69' title='bbox 692 666 925 716; x_wconf 83' lang='lat' dir='ltr'>exciperent.</span> <span class='ocrx_word' id='word_1_70' title='bbox 973 676 1156 714; x_wconf 82' lang='lat' dir='ltr'>magnum</span> <span class='ocrx_word' id='word_1_71' title='bbox 1185 663 1297 702; x_wconf 87' lang='lat' dir='ltr'>etiam</span> <span class='ocrx_word' id='word_1_72' title='bbox 1329 665 1567 711; x_wconf 85' lang='lat' dir='ltr'>comitatum,</span> 
     </span>
     <span class='ocr_line' id='line_1_12' title="bbox 166 720 1566 775; baseline -0.003 -13"><span class='ocrx_word' id='word_1_73' title='bbox 166 724 251 775; x_wconf 88' lang='lat' dir='ltr'>quia</span> <span class='ocrx_word' id='word_1_74' title='bbox 282 723 414 775; x_wconf 89' lang='lat' dir='ltr'>paucis</span> <span class='ocrx_word' id='word_1_75' title='bbox 446 735 582 774; x_wconf 88' lang='lat' dir='ltr'>parum</span> <span class='ocrx_word' id='word_1_76' title='bbox 610 728 736 761; x_wconf 86' lang='lat' dir='ltr'>tutum</span> <span class='ocrx_word' id='word_1_77' title='bbox 767 722 910 764; x_wconf 81' lang='lat' dir='ltr'>fuerat,</span> <span class='ocrx_word' id='word_1_78' title='bbox 939 720 1280 771; x_wconf 84' lang='lat' dir='ltr'>transgredientem</span> <span class='ocrx_word' id='word_1_79' title='bbox 1311 721 1407 758; x_wconf 79' lang='lat' dir='ltr'>[ines</span> <span class='ocrx_word' id='word_1_80' title='bbox 1429 720 1566 771; x_wconf 87' lang='lat' dir='ltr'>positis</span> 
     </span>
     <span class='ocr_line' id='line_1_13' title="bbox 166 776 1565 829; baseline -0.003 -11"><span class='ocrx_word' id='word_1_81' title='bbox 166 780 316 819; x_wconf 84' lang='lat' dir='ltr'>insidiis</span> <span class='ocrx_word' id='word_1_82' title='bbox 339 779 644 818; x_wconf 87' lang='lat' dir='ltr'>circumventum</span> <span class='ocrx_word' id='word_1_83' title='bbox 668 779 800 829; x_wconf 90' lang='lat' dir='ltr'>iniquo</span> <span class='ocrx_word' id='word_1_84' title='bbox 823 778 906 816; x_wconf 91' lang='lat' dir='ltr'>loco</span> <span class='ocrx_word' id='word_1_85' title='bbox 929 777 1214 816; x_wconf 87' lang='lat' dir='ltr'>interfecerunt.</span> <span class='ocrx_word' id='word_1_86' title='bbox 1248 777 1295 815; x_wconf 87' lang='lat' dir='ltr'>ad</span> <span class='ocrx_word' id='word_1_87' title='bbox 1315 777 1414 815; x_wconf 87' lang='lat' dir='ltr'>hanc</span> <span class='ocrx_word' id='word_1_88' title='bbox 1432 776 1565 815; x_wconf 91' lang='lat' dir='ltr'>urbem</span> 
     </span>
     <span class='ocr_line' id='line_1_14' title="bbox 166 833 1567 887; baseline -0.001 -13"><span class='ocrx_word' id='word_1_89' title='bbox 166 836 466 887; x_wconf 86' lang='lat' dir='ltr'>oppugnandam</span> <span class='ocrx_word' id='word_1_90' title='bbox 490 848 577 874; x_wconf 90' lang='lat' dir='ltr'>cum</span> <span class='ocrx_word' id='word_1_91' title='bbox 596 835 775 874; x_wconf 85' lang='lat' dir='ltr'>admotus</span> <span class='ocrx_word' id='word_1_92' title='bbox 793 834 982 873; x_wconf 85' lang='lat' dir='ltr'>exercitus</span> <span class='ocrx_word' id='word_1_93' title='bbox 1000 839 1112 879; x_wconf 85' lang='lat' dir='ltr'>esset,</span> <span class='ocrx_word' id='word_1_94' title='bbox 1130 833 1313 884; x_wconf 81' lang='lat' dir='ltr'>oppidani</span> <span class='ocrx_word' id='word_1_95' title='bbox 1331 833 1567 872; x_wconf 85' lang='lat' dir='ltr'>conscientia</span> 
     </span>
     <span class='ocr_line' id='line_1_15' title="bbox 165 889 1567 943; baseline -0.002 -12"><span class='ocrx_word' id='word_1_96' title='bbox 165 893 364 938; x_wconf 86' lang='lat' dir='ltr'>scelerum,</span> <span class='ocrx_word' id='word_1_97' title='bbox 388 892 474 943; x_wconf 87' lang='lat' dir='ltr'>quia</span> <span class='ocrx_word' id='word_1_98' title='bbox 495 904 568 930; x_wconf 91' lang='lat' dir='ltr'>nec</span> <span class='ocrx_word' id='word_1_99' title='bbox 589 892 730 930; x_wconf 88' lang='lat' dir='ltr'>deditio</span> <span class='ocrx_word' id='word_1_100' title='bbox 753 896 834 930; x_wconf 90' lang='lat' dir='ltr'>tuta</span> <span class='ocrx_word' id='word_1_101' title='bbox 857 891 901 930; x_wconf 87' lang='lat' dir='ltr'>ad</span> <span class='ocrx_word' id='word_1_102' title='bbox 924 896 1000 929; x_wconf 89' lang='lat' dir='ltr'>tam</span> <span class='ocrx_word' id='word_1_103' title='bbox 1019 890 1181 928; x_wconf 85' lang='lat' dir='ltr'>infestos</span> <span class='ocrx_word' id='word_1_104' title='bbox 1204 889 1421 935; x_wconf 86' lang='lat' dir='ltr'>videbatur,</span> <span class='ocrx_word' id='word_1_105' title='bbox 1443 901 1567 940; x_wconf 89' lang='lat' dir='ltr'>neque</span> 
     </span>
     <span class='ocr_line' id='line_1_16' title="bbox 163 945 1568 999; baseline -0.003 -12"><span class='ocrx_word' id='word_1_106' title='bbox 163 961 254 999; x_wconf 86' lang='lat' dir='ltr'>spes</span> <span class='ocrx_word' id='word_1_107' title='bbox 284 950 487 987; x_wconf 83' lang='lat' dir='ltr'>moenibus</span> <span class='ocrx_word' id='word_1_108' title='bbox 515 953 580 986; x_wconf 86' lang='lat' dir='ltr'>aut</span> <span class='ocrx_word' id='word_1_109' title='bbox 606 948 724 987; x_wconf 86' lang='lat' dir='ltr'>armis</span> <span class='ocrx_word' id='word_1_110' title='bbox 751 947 913 987; x_wconf 89' lang='lat' dir='ltr'>tuendae</span> <span class='ocrx_word' id='word_1_111' title='bbox 943 946 1074 985; x_wconf 86' lang='lat' dir='ltr'>salutis</span> <span class='ocrx_word' id='word_1_112' title='bbox 1103 951 1205 994; x_wconf 89' lang='lat' dir='ltr'>erat,</span> <span class='ocrx_word' id='word_1_113' title='bbox 1232 945 1380 984; x_wconf 86' lang='lat' dir='ltr'>facinus</span> <span class='ocrx_word' id='word_1_114' title='bbox 1403 946 1441 984; x_wconf 95' lang='lat' dir='ltr'>in</span> <span class='ocrx_word' id='word_1_115' title='bbox 1463 959 1503 983; x_wconf 85' lang='lat' dir='ltr'>se</span> <span class='ocrx_word' id='word_1_116' title='bbox 1523 958 1568 984; x_wconf 88' lang='lat' dir='ltr'>ac</span> 
     </span>
     <span class='ocr_line' id='line_1_17' title="bbox 164 1001 1564 1048; baseline -0.003 -5"><span class='ocrx_word' id='word_1_117' title='bbox 164 1017 257 1043; x_wconf 89' lang='lat' dir='ltr'>suos</span> <span class='ocrx_word' id='word_1_118' title='bbox 291 1005 447 1043; x_wconf 87' lang='lat' dir='ltr'>foedum</span> <span class='ocrx_word' id='word_1_119' title='bbox 486 1017 530 1043; x_wconf 87' lang='lat' dir='ltr'>ac</span> <span class='ocrx_word' id='word_1_120' title='bbox 562 1004 688 1042; x_wconf 85' lang='lat' dir='ltr'>ferum</span> <span class='ocrx_word' id='word_1_121' title='bbox 716 1004 977 1042; x_wconf 82' lang='lat' dir='ltr'>consciscunt.</span> <span class='ocrx_word' id='word_1_122' title='bbox 1023 1002 1151 1041; x_wconf 84' lang='lat' dir='ltr'>locum</span> <span class='ocrx_word' id='word_1_123' title='bbox 1179 1003 1218 1040; x_wconf 91' lang='lat' dir='ltr'>in</span> <span class='ocrx_word' id='word_1_124' title='bbox 1244 1002 1330 1040; x_wconf 87' lang='lat' dir='ltr'>foro</span> <span class='ocrx_word' id='word_1_125' title='bbox 1359 1001 1564 1048; x_wconf 84' lang='lat' dir='ltr'>destinant,</span> 
     </span>
     <span class='ocr_line' id='line_1_18' title="bbox 165 1060 1565 1112; baseline -0.002 -14"><span class='ocrx_word' id='word_1_126' title='bbox 165 1073 242 1112; x_wconf 87' lang='lat' dir='ltr'>quo</span> <span class='ocrx_word' id='word_1_127' title='bbox 265 1060 542 1111; x_wconf 87' lang='lat' dir='ltr'>pretiosissima</span> <span class='ocrx_word' id='word_1_128' title='bbox 564 1073 691 1099; x_wconf 90' lang='lat' dir='ltr'>rerum</span> <span class='ocrx_word' id='word_1_129' title='bbox 716 1073 871 1099; x_wconf 87' lang='lat' dir='ltr'>suarum</span> <span class='ocrx_word' id='word_1_130' title='bbox 891 1064 1166 1108; x_wconf 78' lang='lat' dir='ltr'>congererent3</span> <span class='ocrx_word' id='word_1_131' title='bbox 1187 1070 1306 1109; x_wconf 90' lang='lat' dir='ltr'>super</span> <span class='ocrx_word' id='word_1_132' title='bbox 1322 1071 1408 1096; x_wconf 84' lang='lat' dir='ltr'>eum</span> <span class='ocrx_word' id='word_1_133' title='bbox 1427 1070 1565 1096; x_wconf 87' lang='lat' dir='ltr'>cumu-</span> 
     </span>
     <span class='ocr_line' id='line_1_19' title="bbox 164 1114 1567 1168; baseline -0.002 -13"><span class='ocrx_word' id='word_1_134' title='bbox 164 1117 242 1156; x_wconf 91' lang='lat' dir='ltr'>lum</span> <span class='ocrx_word' id='word_1_135' title='bbox 266 1117 450 1168; x_wconf 85' lang='lat' dir='ltr'>coniuges</span> <span class='ocrx_word' id='word_1_136' title='bbox 471 1129 514 1154; x_wconf 83' lang='lat' dir='ltr'>ac</span> <span class='ocrx_word' id='word_1_137' title='bbox 534 1116 675 1155; x_wconf 89' lang='lat' dir='ltr'>liberos</span> <span class='ocrx_word' id='word_1_138' title='bbox 698 1117 900 1155; x_wconf 81' lang='lat' dir='ltr'>considere</span> <span class='ocrx_word' id='word_1_139' title='bbox 921 1128 1006 1154; x_wconf 88' lang='lat' dir='ltr'>cum</span> <span class='ocrx_word' id='word_1_140' title='bbox 1029 1115 1246 1159; x_wconf 81' lang='lat' dir='ltr'>iussissent,</span> <span class='ocrx_word' id='word_1_141' title='bbox 1269 1114 1366 1165; x_wconf 79' lang='lat' dir='ltr'>ligna</span> <span class='ocrx_word' id='word_1_142' title='bbox 1384 1119 1567 1153; x_wconf 86' lang='lat' dir='ltr'>extruunt</span> 
     </span>
     <span class='ocr_line' id='line_1_20' title="bbox 164 1171 1563 1224; baseline -0.003 -12"><span class='ocrx_word' id='word_1_143' title='bbox 164 1174 363 1224; x_wconf 81' lang='lat' dir='ltr'>fascesque</span> <span class='ocrx_word' id='word_1_144' title='bbox 398 1173 647 1223; x_wconf 82' lang='lat' dir='ltr'>virgultorum</span> <span class='ocrx_word' id='word_1_145' title='bbox 684 1173 891 1212; x_wconf 87' lang='lat' dir='ltr'>coniciunt.</span> <span class='ocrx_word' id='word_1_146' title='bbox 940 1171 1214 1222; x_wconf 85' lang='lat' dir='ltr'>quinquaginta</span> <span class='ocrx_word' id='word_1_147' title='bbox 1245 1171 1382 1209; x_wconf 88' lang='lat' dir='ltr'>deinde</span> <span class='ocrx_word' id='word_1_148' title='bbox 1408 1171 1563 1209; x_wconf 76' lang='lat' dir='ltr'>armatis</span> 
     </span>
     <span class='ocr_line' id='line_1_21' title="bbox 164 1228 1565 1280; baseline -0.002 -13"><span class='ocrx_word' id='word_1_149' title='bbox 164 1230 363 1269; x_wconf 80' lang='lat' dir='ltr'>iuvenibus</span> <span class='ocrx_word' id='word_1_150' title='bbox 385 1230 646 1280; x_wconf 78' lang='lat' dir='ltr'>praecipiunt,</span> <span class='ocrx_word' id='word_1_151' title='bbox 675 1235 732 1276; x_wconf 85' lang='lat' dir='ltr'>ut,</span> <span class='ocrx_word' id='word_1_152' title='bbox 762 1230 886 1267; x_wconf 90' lang='lat' dir='ltr'>donec</span> <span class='ocrx_word' id='word_1_153' title='bbox 906 1228 1075 1266; x_wconf 87' lang='lat' dir='ltr'>incertus</span> <span class='ocrx_word' id='word_1_154' title='bbox 1098 1233 1256 1266; x_wconf 88' lang='lat' dir='ltr'>eventus</span> <span class='ocrx_word' id='word_1_155' title='bbox 1280 1239 1429 1278; x_wconf 76' lang='lat' dir='ltr'>pugnae</span> <span class='ocrx_word' id='word_1_156' title='bbox 1449 1232 1565 1273; x_wconf 89' lang='lat' dir='ltr'>esset,</span> 
     </span>
     <span class='ocr_line' id='line_1_22' title="bbox 164 1285 1564 1336; baseline -0.001 -13"><span class='ocrx_word' id='word_1_157' title='bbox 164 1286 397 1336; x_wconf 84' lang='lat' dir='ltr'>praesidium</span> <span class='ocrx_word' id='word_1_158' title='bbox 427 1298 470 1323; x_wconf 91' lang='lat' dir='ltr'>eo</span> <span class='ocrx_word' id='word_1_159' title='bbox 499 1285 584 1323; x_wconf 87' lang='lat' dir='ltr'>loco</span> <span class='ocrx_word' id='word_1_160' title='bbox 605 1286 846 1323; x_wconf 88' lang='lat' dir='ltr'>fortunarum</span> <span class='ocrx_word' id='word_1_161' title='bbox 870 1297 1028 1323; x_wconf 83' lang='lat' dir='ltr'>suarum</span> <span class='ocrx_word' id='word_1_162' title='bbox 1053 1296 1357 1334; x_wconf 76' lang='lat' dir='ltr'>corporumque,</span> <span class='ocrx_word' id='word_1_163' title='bbox 1385 1295 1480 1333; x_wconf 89' lang='lat' dir='ltr'>quae</span> <span class='ocrx_word' id='word_1_164' title='bbox 1501 1296 1564 1322; x_wconf 86' lang='lat' dir='ltr'>ca-</span> 
     </span>
     <span class='ocr_line' id='line_1_23' title="bbox 163 1340 1564 1391; baseline -0.003 -10"><span class='ocrx_word' id='word_1_165' title='bbox 163 1343 265 1381; x_wconf 86' lang='lat' dir='ltr'>riora</span> <span class='ocrx_word' id='word_1_166' title='bbox 284 1341 451 1381; x_wconf 84' lang='lat' dir='ltr'>fortunis</span> <span class='ocrx_word' id='word_1_167' title='bbox 473 1346 614 1388; x_wconf 81' lang='lat' dir='ltr'>essent,</span> <span class='ocrx_word' id='word_1_168' title='bbox 637 1347 850 1388; x_wconf 75' lang='lat' dir='ltr'>serva1&#39;ent3</span> <span class='ocrx_word' id='word_1_169' title='bbox 873 1340 905 1379; x_wconf 87' lang='lat' dir='ltr'>si</span> <span class='ocrx_word' id='word_1_170' title='bbox 927 1353 1008 1378; x_wconf 87' lang='lat' dir='ltr'>rem</span> <span class='ocrx_word' id='word_1_171' title='bbox 1028 1340 1248 1378; x_wconf 86' lang='lat' dir='ltr'>inclinatam</span> <span class='ocrx_word' id='word_1_172' title='bbox 1267 1340 1438 1378; x_wconf 90' lang='lat' dir='ltr'>viderent</span> <span class='ocrx_word' id='word_1_173' title='bbox 1452 1345 1564 1391; x_wconf 85' lang='lat' dir='ltr'>atque</span> 
     </span>
    </p>
   </div>
   <div class='ocr_carea' id='block_1_5' title="bbox 159 1475 826 2678">
    <p class='ocr_par' dir='ltr' id='par_1_5' title="bbox 159 1475 826 2234">
     <span class='ocr_line' id='line_1_24' title="bbox 162 1475 824 1517; baseline 0 -9"><span class='ocrx_word' id='word_1_174' title='bbox 162 1477 196 1517; x_wconf 86' lang='lat' dir='ltr'>P,</span> <span class='ocrx_word' id='word_1_175' title='bbox 215 1475 253 1516; x_wconf 87' lang='lat' dir='ltr'>T,</span> <span class='ocrx_word' id='word_1_176' title='bbox 273 1487 298 1508; x_wconf 93' lang='lat' dir='ltr'>s.</span> <span class='ocrx_word' id='word_1_177' title='bbox 319 1476 450 1508; x_wconf 88' lang='lat' dir='ltr'>Movers</span> <span class='ocrx_word' id='word_1_178' title='bbox 469 1475 499 1515; x_wconf 88' lang='lat'>2,</span> <span class='ocrx_word' id='word_1_179' title='bbox 519 1476 548 1516; x_wconf 91' lang='lat'>2,</span> <span class='ocrx_word' id='word_1_180' title='bbox 567 1475 642 1507; x_wconf 84' lang='grc'>612.</span> <span class='ocrx_word' id='word_1_181' title='bbox 679 1475 824 1508; x_wconf 87' lang='lat' dir='ltr'>Marcius</span> 
     </span>
     <span class='ocr_line' id='line_1_25' title="bbox 161 1521 823 1561; baseline -0.002 -8"><span class='ocrx_word' id='word_1_182' title='bbox 161 1526 250 1553; x_wconf 78' lang='lat' dir='ltr'>setzt</span> <span class='ocrx_word' id='word_1_183' title='bbox 273 1522 324 1553; x_wconf 83' lang='lat' dir='ltr'>die</span> <span class='ocrx_word' id='word_1_184' title='bbox 344 1521 578 1561; x_wconf 82' lang='lat' dir='ltr'>Eroberungen</span> <span class='ocrx_word' id='word_1_185' title='bbox 605 1521 731 1552; x_wconf 82' lang='lat' dir='ltr'>siidlicli</span> <span class='ocrx_word' id='word_1_186' title='bbox 752 1532 823 1552; x_wconf 89' lang='lat' dir='ltr'>vom</span> 
     </span>
     <span class='ocr_line' id='line_1_26' title="bbox 163 1565 824 1598; baseline 0 -1"><span class='ocrx_word' id='word_1_187' title='bbox 163 1567 270 1598; x_wconf 79' lang='lat' dir='ltr'>Baetis</span> <span class='ocrx_word' id='word_1_188' title='bbox 295 1565 372 1598; x_wconf 84' lang='lat' dir='ltr'>fort.</span> <span class='ocrx_word' id='word_1_189' title='bbox 398 1584 442 1589; x_wconf 84' lang='lat'><strong>—</strong></span> <span class='ocrx_word' id='word_1_190' title='bbox 464 1568 498 1597; x_wconf 69' lang='lat' dir='ltr'>in</span> <span class='ocrx_word' id='word_1_191' title='bbox 524 1566 624 1598; x_wconf 77' lang='lat' dir='ltr'>dedit.</span> <span class='ocrx_word' id='word_1_192' title='bbox 648 1577 696 1598; x_wconf 85' lang='lat' dir='ltr'>ac.</span> <span class='ocrx_word' id='word_1_193' title='bbox 722 1566 824 1598; x_wconf 76' lang='lat' dir='ltr'>findet</span> 
     </span>
     <span class='ocr_line' id='line_1_27' title="bbox 162 1611 823 1650; baseline -0.002 -7"><span class='ocrx_word' id='word_1_194' title='bbox 162 1613 228 1643; x_wconf 80' lang='lat' dir='ltr'>sich</span> <span class='ocrx_word' id='word_1_195' title='bbox 248 1612 296 1643; x_wconf 86' lang='lat' dir='ltr'>oft</span> <span class='ocrx_word' id='word_1_196' title='bbox 314 1612 363 1643; x_wconf 88' lang='lat' dir='ltr'>bei</span> <span class='ocrx_word' id='word_1_197' title='bbox 379 1611 646 1650; x_wconf 86' lang='lat' dir='ltr'>L.,aberi1nmer</span> <span class='ocrx_word' id='word_1_198' title='bbox 660 1613 742 1642; x_wconf 84' lang='lat' dir='ltr'>ohne</span> <span class='ocrx_word' id='word_1_199' title='bbox 759 1611 823 1643; x_wconf 81' lang='lat' dir='ltr'>Ge-</span> 
     </span>
     <span class='ocr_line' id='line_1_28' title="bbox 162 1656 823 1699; baseline 0 -12"><span class='ocrx_word' id='word_1_200' title='bbox 162 1658 243 1688; x_wconf 78' lang='lat' dir='ltr'>nitiv</span> <span class='ocrx_word' id='word_1_201' title='bbox 268 1657 349 1687; x_wconf 83' lang='lat' dir='ltr'>oder</span> <span class='ocrx_word' id='word_1_202' title='bbox 366 1656 462 1687; x_wconf 84' lang='lat' dir='ltr'>Dativ</span> <span class='ocrx_word' id='word_1_203' title='bbox 482 1657 540 1687; x_wconf 89' lang='lat' dir='ltr'>der</span> <span class='ocrx_word' id='word_1_204' title='bbox 557 1656 699 1699; x_wconf 81' lang='lat' dir='ltr'>Person,</span> <span class='ocrx_word' id='word_1_205' title='bbox 723 1667 748 1687; x_wconf 90' lang='lat' dir='ltr'>s.</span> <span class='ocrx_word' id='word_1_206' title='bbox 770 1656 823 1697; x_wconf 83' lang='lat'>29,</span> 
     </span>
     <span class='ocr_line' id='line_1_29' title="bbox 163 1701 823 1742; baseline 0.003 -12"><span class='ocrx_word' id='word_1_207' title='bbox 163 1701 201 1736; x_wconf 79' lang='lat'>3,</span> <span class='ocrx_word' id='word_1_208' title='bbox 226 1701 263 1737; x_wconf 75' lang='lat'>33</span> <span class='ocrx_word' id='word_1_209' title='bbox 283 1701 343 1739; x_wconf 87' lang='lat'>23,</span> <span class='ocrx_word' id='word_1_210' title='bbox 367 1701 425 1739; x_wconf 84' lang='lat'>30,</span> <span class='ocrx_word' id='word_1_211' title='bbox 451 1702 487 1739; x_wconf 78' lang='lat'>53</span> <span class='ocrx_word' id='word_1_212' title='bbox 513 1702 580 1740; x_wconf 84' lang='lat' dir='ltr'>vgl.</span> <span class='ocrx_word' id='word_1_213' title='bbox 600 1701 636 1741; x_wconf 79' lang='grc'>8,</span> <span class='ocrx_word' id='word_1_214' title='bbox 662 1702 712 1742; x_wconf 81' lang='lat'>20,</span> <span class='ocrx_word' id='word_1_215' title='bbox 731 1701 761 1732; x_wconf 84' lang='lat'>6.</span> <span class='ocrx_word' id='word_1_216' title='bbox 780 1720 823 1724; x_wconf 89' lang='lat'><strong>—</strong></span> 
     </span>
     <span class='ocr_line' id='line_1_30' title="bbox 161 1745 822 1788; baseline 0.002 -11"><span class='ocrx_word' id='word_1_217' title='bbox 161 1745 614 1788; x_wconf 77' lang='lat' dir='ltr'>Astapa,j.Estepa,siidlich</span> <span class='ocrx_word' id='word_1_218' title='bbox 626 1757 686 1777; x_wconf 90' lang='lat' dir='ltr'>von</span> <span class='ocrx_word' id='word_1_219' title='bbox 698 1746 822 1786; x_wconf 80' lang='lat' dir='ltr'>Astigi:</span> 
     </span>
     <span class='ocr_line' id='line_1_31' title="bbox 162 1789 821 1823; baseline -0.002 -1"><span class='ocrx_word' id='word_1_220' title='bbox 162 1792 190 1822; x_wconf 92' lang='lat' dir='ltr'>in</span> <span class='ocrx_word' id='word_1_221' title='bbox 210 1792 269 1822; x_wconf 88' lang='lat' dir='ltr'>der</span> <span class='ocrx_word' id='word_1_222' title='bbox 287 1790 445 1821; x_wconf 83' lang='lat' dir='ltr'>Periocha</span> <span class='ocrx_word' id='word_1_223' title='bbox 469 1791 574 1822; x_wconf 83' lang='lat' dir='ltr'>heisst</span> <span class='ocrx_word' id='word_1_224' title='bbox 593 1792 640 1821; x_wconf 86' lang='lat' dir='ltr'>sie</span> <span class='ocrx_word' id='word_1_225' title='bbox 661 1789 762 1823; x_wconf 70' lang='lat' dir='ltr'>Gisia.</span> <span class='ocrx_word' id='word_1_226' title='bbox 781 1809 821 1812; x_wconf 96' lang='lat'><strong>—</strong></span> 
     </span>
     <span class='ocr_line' id='line_1_32' title="bbox 161 1834 822 1875; baseline -0.003 -7"><span class='ocrx_word' id='word_1_227' title='bbox 161 1840 235 1868; x_wconf 60' lang='lat' dir='ltr'>enat</span> <span class='ocrx_word' id='word_1_228' title='bbox 253 1837 335 1866; x_wconf 86' lang='lat' dir='ltr'>kann</span> <span class='ocrx_word' id='word_1_229' title='bbox 354 1836 546 1866; x_wconf 80' lang='lat' dir='ltr'>scliwerlich</span> <span class='ocrx_word' id='word_1_230' title='bbox 566 1836 636 1866; x_wconf 85' lang='lat' dir='ltr'>hier</span> <span class='ocrx_word' id='word_1_231' title='bbox 652 1834 777 1875; x_wconf 81' lang='lat' dir='ltr'>fehlen,</span> <span class='ocrx_word' id='word_1_232' title='bbox 796 1846 822 1866; x_wconf 89' lang='lat' dir='ltr'>s.</span> 
     </span>
     <span class='ocr_line' id='line_1_33' title="bbox 160 1880 821 1922; baseline -0.003 -10"><span class='ocrx_word' id='word_1_233' title='bbox 160 1881 220 1920; x_wconf 79' lang='lat'>24,</span> <span class='ocrx_word' id='word_1_234' title='bbox 240 1881 275 1919; x_wconf 85' lang='lat'>3,</span> <span class='ocrx_word' id='word_1_235' title='bbox 294 1881 331 1917; x_wconf 73' lang='lat'>23</span> <span class='ocrx_word' id='word_1_236' title='bbox 364 1880 424 1920; x_wconf 84' lang='lat'>23,</span> <span class='ocrx_word' id='word_1_237' title='bbox 451 1880 508 1917; x_wconf 84' lang='lat'>35,</span> <span class='ocrx_word' id='word_1_238' title='bbox 528 1880 563 1918; x_wconf 90' lang='grc'>3,</span> <span class='ocrx_word' id='word_1_239' title='bbox 583 1891 623 1911; x_wconf 85' lang='lat' dir='ltr'>zu</span> <span class='ocrx_word' id='word_1_240' title='bbox 642 1880 764 1922; x_wconf 55' lang='lat'>2221),</span> <span class='ocrx_word' id='word_1_241' title='bbox 784 1882 821 1918; x_wconf 74' lang='lat'>(53</span> 
     </span>
     <span class='ocr_line' id='line_1_34' title="bbox 161 1921 825 1967; baseline -0.002 -10"><span class='ocrx_word' id='word_1_242' title='bbox 161 1927 213 1964; x_wconf 82' lang='lat'>25,</span> <span class='ocrx_word' id='word_1_243' title='bbox 233 1925 281 1964; x_wconf 88' lang='grc'>16,</span> <span class='ocrx_word' id='word_1_244' title='bbox 297 1927 332 1963; x_wconf 79' lang='lat'>53</span> <span class='ocrx_word' id='word_1_245' title='bbox 353 1925 450 1967; x_wconf 78' lang='lat' dir='ltr'>App.:</span> <span class='ocrx_word' id='word_1_246' title='bbox 468 1921 631 1956; x_wconf 76' lang='grc' dir='ltr'><em>Ἀσταπὰ</em></span> <span class='ocrx_word' id='word_1_247' title='bbox 646 1924 681 1956; x_wconf 73' lang='lat'>‹5&#39;</span> <span class='ocrx_word' id='word_1_248' title='bbox 699 1925 742 1966; x_wconf 68' lang='lat' dir='ltr'>vjr</span> <span class='ocrx_word' id='word_1_249' title='bbox 757 1922 825 1957; x_wconf 81' lang='grc' dir='ltr'>πό-</span> 
     </span>
     <span class='ocr_line' id='line_1_35' title="bbox 160 1967 826 2014; baseline 0 -13"><span class='ocrx_word' id='word_1_250' title='bbox 160 1971 214 2006; x_wconf 71' lang='grc' dir='ltr'>λις</span> <span class='ocrx_word' id='word_1_251' title='bbox 231 1969 507 2013; x_wconf 71' lang='grc' dir='ltr'>Καρχηδονίοις</span> <span class='ocrx_word' id='word_1_252' title='bbox 528 1967 583 2002; x_wconf 68' lang='grc' dir='ltr'>ἀεὶ</span> <span class='ocrx_word' id='word_1_253' title='bbox 602 1970 826 2014; x_wconf 72' lang='grc' dir='ltr'><em>διαμείνασα</em></span> 
     </span>
     <span class='ocr_line' id='line_1_36' title="bbox 160 2014 822 2058; baseline -0.003 -10"><span class='ocrx_word' id='word_1_254' title='bbox 160 2014 317 2058; x_wconf 78' lang='grc' dir='ltr'><em>ὁμαλῶς.</em></span> <span class='ocrx_word' id='word_1_255' title='bbox 337 2034 379 2038; x_wconf 82' lang='grc'><strong>-</strong></span> <span class='ocrx_word' id='word_1_256' title='bbox 398 2014 560 2057; x_wconf 70' lang='lat' dir='ltr'>Cartltag.</span> <span class='ocrx_word' id='word_1_257' title='bbox 579 2027 602 2047; x_wconf 78' lang='lat' dir='ltr'>s.</span> <span class='ocrx_word' id='word_1_258' title='bbox 620 2027 670 2058; x_wconf 83' lang='lat' dir='ltr'>p.,</span> <span class='ocrx_word' id='word_1_259' title='bbox 691 2026 822 2057; x_wconf 87' lang='lat' dir='ltr'>posses-</span> 
     </span>
     <span class='ocr_line' id='line_1_37' title="bbox 160 2060 821 2100; baseline -0.002 -8"><span class='ocrx_word' id='word_1_260' title='bbox 160 2062 250 2092; x_wconf 87' lang='lat' dir='ltr'>siver</span> <span class='ocrx_word' id='word_1_261' title='bbox 272 2060 421 2092; x_wconf 82' lang='lat' dir='ltr'>Genitiv:</span> <span class='ocrx_word' id='word_1_262' title='bbox 446 2062 605 2100; x_wconf 77' lang='lat' dir='ltr'>gelio&#39;rten</span> <span class='ocrx_word' id='word_1_263' title='bbox 630 2071 687 2099; x_wconf 88' lang='lat' dir='ltr'>an,</span> <span class='ocrx_word' id='word_1_264' title='bbox 713 2070 821 2091; x_wconf 83' lang='lat' dir='ltr'>waren</span> 
     </span>
     <span class='ocr_line' id='line_1_38' title="bbox 161 2105 822 2145; baseline -0.002 -8"><span class='ocrx_word' id='word_1_265' title='bbox 161 2108 210 2137; x_wconf 86' lang='lat' dir='ltr'>ihr</span> <span class='ocrx_word' id='word_1_266' title='bbox 233 2106 390 2145; x_wconf 74' lang='lat' dir='ltr'>ergeben,</span> <span class='ocrx_word' id='word_1_267' title='bbox 418 2116 443 2136; x_wconf 78' lang='lat' dir='ltr'>s,</span> <span class='ocrx_word' id='word_1_268' title='bbox 462 2106 526 2137; x_wconf 85' lang='lat' dir='ltr'>Cic.</span> <span class='ocrx_word' id='word_1_269' title='bbox 549 2106 636 2136; x_wconf 84' lang='lat' dir='ltr'>Sest.</span> <span class='ocrx_word' id='word_1_270' title='bbox 656 2106 717 2143; x_wconf 74' lang='lat'>515,</span> <span class='ocrx_word' id='word_1_271' title='bbox 746 2105 822 2137; x_wconf 81' lang='lat'>120:</span> 
     </span>
     <span class='ocr_line' id='line_1_39' title="bbox 159 2152 824 2194; baseline 0 -13"><span class='ocrx_word' id='word_1_272' title='bbox 159 2152 291 2192; x_wconf 51' lang='lat' dir='ltr'>artifex&gt;</span> <span class='ocrx_word' id='word_1_273' title='bbox 308 2161 441 2192; x_wconf 80' lang='lat' dir='ltr'>semper</span> <span class='ocrx_word' id='word_1_274' title='bbox 455 2152 607 2194; x_wconf 77' lang='lat' dir='ltr'>partium</span> <span class='ocrx_word' id='word_1_275' title='bbox 621 2169 665 2173; x_wconf 88' lang='lat'>——</span> <span class='ocrx_word' id='word_1_276' title='bbox 678 2153 824 2194; x_wconf 79' lang='lat' dir='ltr'>optima-</span> 
     </span>
     <span class='ocr_line' id='line_1_40' title="bbox 162 2196 686 2234; baseline 0 -8"><span class='ocrx_word' id='word_1_277' title='bbox 162 2206 249 2227; x_wconf 78' lang='lat' dir='ltr'>rum.</span> <span class='ocrx_word' id='word_1_278' title='bbox 268 2214 307 2217; x_wconf 83' lang='lat'>—</span> <span class='ocrx_word' id='word_1_279' title='bbox 327 2198 428 2226; x_wconf 61' lang='lat' dir='ltr'>emti-a</span> <span class='ocrx_word' id='word_1_280' title='bbox 445 2200 520 2234; x_wconf 63' lang='lat' dir='ltr'>etc„</span> <span class='ocrx_word' id='word_1_281' title='bbox 539 2207 565 2227; x_wconf 83' lang='lat' dir='ltr'>c.</span> <span class='ocrx_word' id='word_1_282' title='bbox 588 2196 636 2233; x_wconf 83' lang='lat'>19,</span> <span class='ocrx_word' id='word_1_283' title='bbox 656 2196 686 2226; x_wconf 91' lang='lat'>2.</span> 
     </span>
    </p>

    <p class='ocr_par' dir='ltr' id='par_1_6' title="bbox 159 2239 823 2678">
     <span class='ocr_line' id='line_1_41' title="bbox 207 2239 822 2281; baseline 0.007 -13"><span class='ocrx_word' id='word_1_284' title='bbox 207 2240 316 2270; x_wconf 77' lang='lat'>3-4,</span> <span class='ocrx_word' id='word_1_285' title='bbox 349 2240 451 2278; x_wconf 78' lang='lat' dir='ltr'>laeta,</span> <span class='ocrx_word' id='word_1_286' title='bbox 481 2241 549 2271; x_wconf 78' lang='lat' dir='ltr'>sicli</span> <span class='ocrx_word' id='word_1_287' title='bbox 573 2239 748 2272; x_wconf 78' lang='lat' dir='ltr'>erl&#39;r‹·uend</span> <span class='ocrx_word' id='word_1_288' title='bbox 772 2251 822 2281; x_wconf 82' lang='lat' dir='ltr'>an,</span> 
     </span>
     <span class='ocr_line' id='line_1_42' title="bbox 162 2285 823 2329; baseline 0.003 -14"><span class='ocrx_word' id='word_1_289' title='bbox 162 2286 252 2315; x_wconf 83' lang='lat' dir='ltr'>mehr</span> <span class='ocrx_word' id='word_1_290' title='bbox 269 2285 483 2323; x_wconf 64' lang='lat' dir='ltr'>dichterisch,</span> <span class='ocrx_word' id='word_1_291' title='bbox 506 2285 558 2324; x_wconf 88' lang='lat'>22,</span> <span class='ocrx_word' id='word_1_292' title='bbox 578 2286 612 2324; x_wconf 82' lang='lat'>9,</span> <span class='ocrx_word' id='word_1_293' title='bbox 636 2287 671 2316; x_wconf 85' lang='lat'>5:</span> <span class='ocrx_word' id='word_1_294' title='bbox 696 2286 823 2329; x_wconf 80' lang='lat' dir='ltr'>praeda</span> 
     </span>
     <span class='ocr_line' id='line_1_43' title="bbox 161 2330 820 2371; baseline 0.005 -12"><span class='ocrx_word' id='word_1_295' title='bbox 161 2348 202 2352; x_wconf 57' lang='grc'>»-</span> <span class='ocrx_word' id='word_1_296' title='bbox 232 2330 468 2371; x_wconf 74' lang='lat' dir='ltr'>gauslentibus.</span> <span class='ocrx_word' id='word_1_297' title='bbox 500 2347 536 2352; x_wconf 84' lang='lat'>·—</span> <span class='ocrx_word' id='word_1_298' title='bbox 574 2333 688 2369; x_wconf 68' lang='lat' dir='ltr'>sociis,</span> <span class='ocrx_word' id='word_1_299' title='bbox 722 2333 820 2362; x_wconf 85' lang='lat' dir='ltr'>sehon</span> 
     </span>
     <span class='ocr_line' id='line_1_44' title="bbox 161 2374 821 2407; baseline 0.003 -2"><span class='ocrx_word' id='word_1_300' title='bbox 161 2375 274 2406; x_wconf 78' lang='lat' dir='ltr'>friihei·</span> <span class='ocrx_word' id='word_1_301' title='bbox 312 2376 382 2405; x_wconf 84' lang='lat' dir='ltr'>sind</span> <span class='ocrx_word' id='word_1_302' title='bbox 423 2375 474 2405; x_wconf 74' lang='lat' dir='ltr'>dic</span> <span class='ocrx_word' id='word_1_303' title='bbox 508 2374 628 2406; x_wconf 75' lang='lat' dir='ltr'>Riimcr</span> <span class='ocrx_word' id='word_1_304' title='bbox 667 2376 697 2406; x_wconf 93' lang='lat' dir='ltr'>in</span> <span class='ocrx_word' id='word_1_305' title='bbox 732 2377 821 2407; x_wconf 82' lang='lat' dir='ltr'>‹liese</span> 
     </span>
     <span class='ocr_line' id='line_1_45' title="bbox 161 2419 820 2460; baseline 0.002 -9"><span class='ocrx_word' id='word_1_306' title='bbox 161 2419 338 2460; x_wconf 75' lang='lat' dir='ltr'>Gcgenden</span> <span class='ocrx_word' id='word_1_307' title='bbox 380 2420 648 2460; x_wconf 64' lang='lat' dir='ltr'>vorgedrungen,</span> <span class='ocrx_word' id='word_1_308' title='bbox 688 2422 750 2451; x_wconf 89' lang='lat' dir='ltr'>und</span> <span class='ocrx_word' id='word_1_309' title='bbox 786 2431 820 2452; x_wconf 89' lang='lat' dir='ltr'>es</span> 
     </span>
     <span class='ocr_line' id='line_1_46' title="bbox 160 2465 820 2503; baseline 0.002 -8"><span class='ocrx_word' id='word_1_310' title='bbox 160 2467 274 2503; x_wconf 66' lang='lat' dir='ltr'>miigen</span> <span class='ocrx_word' id='word_1_311' title='bbox 295 2466 362 2495; x_wconf 74' lang='lat' dir='ltr'>sicli</span> <span class='ocrx_word' id='word_1_312' title='bbox 387 2465 509 2496; x_wconf 76' lang='lat' dir='ltr'>bereits</span> <span class='ocrx_word' id='word_1_313' title='bbox 528 2465 651 2496; x_wconf 84' lang='lat' dir='ltr'>damals</span> <span class='ocrx_word' id='word_1_314' title='bbox 670 2466 820 2496; x_wconf 79' lang='lat' dir='ltr'>einzelne</span> 
     </span>
     <span class='ocr_line' id='line_1_47' title="bbox 159 2510 820 2550; baseline 0 -9"><span class='ocrx_word' id='word_1_315' title='bbox 159 2510 275 2541; x_wconf 76' lang='lat' dir='ltr'>Sliidte</span> <span class='ocrx_word' id='word_1_316' title='bbox 299 2521 337 2540; x_wconf 82' lang='lat' dir='ltr'>an</span> <span class='ocrx_word' id='word_1_317' title='bbox 363 2511 410 2540; x_wconf 68' lang='lat' dir='ltr'>sie</span> <span class='ocrx_word' id='word_1_318' title='bbox 433 2512 688 2547; x_wconf 71' lang='lat' dir='ltr'>angesclilossen</span> <span class='ocrx_word' id='word_1_319' title='bbox 709 2511 820 2550; x_wconf 73' lang='lat' dir='ltr'>haben,</span> 
     </span>
     <span class='ocr_line' id='line_1_48' title="bbox 160 2555 820 2596; baseline 0 -10"><span class='ocrx_word' id='word_1_320' title='bbox 160 2565 185 2586; x_wconf 86' lang='lat' dir='ltr'>s.</span> <span class='ocrx_word' id='word_1_321' title='bbox 204 2566 230 2586; x_wconf 93' lang='lat' dir='ltr'>c.</span> <span class='ocrx_word' id='word_1_322' title='bbox 255 2556 308 2592; x_wconf 74' lang='lat'>19,</span> <span class='ocrx_word' id='word_1_323' title='bbox 334 2556 370 2591; x_wconf 77' lang='lat'>2;</span> <span class='ocrx_word' id='word_1_324' title='bbox 389 2555 447 2593; x_wconf 77' lang='lat'>24,</span> <span class='ocrx_word' id='word_1_325' title='bbox 473 2555 524 2586; x_wconf 78' lang='lat'>42.</span> <span class='ocrx_word' id='word_1_326' title='bbox 544 2556 773 2596; x_wconf 75' lang='lat' dir='ltr'>——sace1·ent,</span> <span class='ocrx_word' id='word_1_327' title='bbox 791 2567 820 2586; x_wconf 94' lang='lat' dir='ltr'>n.</span> 
     </span>
     <span class='ocr_line' id='line_1_49' title="bbox 159 2600 823 2643; baseline 0 -12"><span class='ocrx_word' id='word_1_328' title='bbox 159 2601 210 2631; x_wconf 86' lang='lat' dir='ltr'>dic</span> <span class='ocrx_word' id='word_1_329' title='bbox 231 2601 439 2637; x_wconf 79' lang='lat' dir='ltr'>Einwoliner,</span> <span class='ocrx_word' id='word_1_330' title='bbox 457 2601 521 2638; x_wconf 65' lang='lat' dir='ltr'>vgl.</span> <span class='ocrx_word' id='word_1_331' title='bbox 542 2611 567 2631; x_wconf 82' lang='lat' dir='ltr'>c.</span> <span class='ocrx_word' id='word_1_332' title='bbox 587 2600 616 2637; x_wconf 81' lang='lat'>3,</span> <span class='ocrx_word' id='word_1_333' title='bbox 636 2601 669 2631; x_wconf 69' lang='lat'>4:</span> <span class='ocrx_word' id='word_1_334' title='bbox 689 2602 823 2643; x_wconf 63' lang='lat' dir='ltr'>emperi-</span> 
     </span>
     <span class='ocr_line' id='line_1_50' title="bbox 159 2647 820 2678; baseline 0 -2"><span class='ocrx_word' id='word_1_335' title='bbox 159 2648 285 2678; x_wconf 81' lang='lat' dir='ltr'>rentur.</span> <span class='ocrx_word' id='word_1_336' title='bbox 319 2664 361 2667; x_wconf 87' lang='lat'>—</span> <span class='ocrx_word' id='word_1_337' title='bbox 395 2647 590 2677; x_wconf 75' lang='lat' dir='ltr'>comitatum</span> <span class='ocrx_word' id='word_1_338' title='bbox 624 2647 752 2677; x_wconf 84' lang='lat' dir='ltr'>scheint</span> <span class='ocrx_word' id='word_1_339' title='bbox 781 2647 820 2677; x_wconf 91' lang='lat' dir='ltr'>im</span> 
     </span>
    </p>
   </div>
   <div class='ocr_carea' id='block_1_6' title="bbox 886 1474 1565 1919">
    <p class='ocr_par' dir='ltr' id='par_1_7' title="bbox 886 1474 1565 1919">
     <span class='ocr_line' id='line_1_51' title="bbox 898 1474 1564 1517; baseline -0.003 -11"><span class='ocrx_word' id='word_1_340' title='bbox 898 1474 1109 1514; x_wconf 77' lang='lat' dir='ltr'>Gegensatze</span> <span class='ocrx_word' id='word_1_341' title='bbox 1135 1485 1174 1505; x_wconf 93' lang='lat' dir='ltr'>zu</span> <span class='ocrx_word' id='word_1_342' title='bbox 1191 1476 1309 1517; x_wconf 71' lang='lat' dir='ltr'>paucis</span> <span class='ocrx_word' id='word_1_343' title='bbox 1327 1484 1367 1505; x_wconf 92' lang='lat' dir='ltr'>zu</span> <span class='ocrx_word' id='word_1_344' title='bbox 1387 1474 1564 1505; x_wconf 86' lang='lat' dir='ltr'>bedeuten:</span> 
     </span>
     <span class='ocr_line' id='line_1_52' title="bbox 896 1519 1565 1559; baseline -0.001 -9"><span class='ocrx_word' id='word_1_345' title='bbox 896 1521 969 1551; x_wconf 88' lang='lat' dir='ltr'>eine</span> <span class='ocrx_word' id='word_1_346' title='bbox 983 1522 1140 1559; x_wconf 83' lang='lat' dir='ltr'>gr&#39;o&#39;ssere</span> <span class='ocrx_word' id='word_1_347' title='bbox 1151 1519 1231 1550; x_wconf 81' lang='lat' dir='ltr'>Zalil</span> <span class='ocrx_word' id='word_1_348' title='bbox 1247 1520 1565 1550; x_wconf 79' lang='lat' dir='ltr'>zusammenreisen-</span> 
     </span>
     <span class='ocr_line' id='line_1_53' title="bbox 897 1562 1564 1604; baseline -0.001 -8"><span class='ocrx_word' id='word_1_349' title='bbox 897 1566 975 1602; x_wconf 88' lang='lat' dir='ltr'>der,</span> <span class='ocrx_word' id='word_1_350' title='bbox 1000 1570 1096 1596; x_wconf 91' lang='lat' dir='ltr'>sonst</span> <span class='ocrx_word' id='word_1_351' title='bbox 1119 1565 1276 1595; x_wconf 79' lang='lat' dir='ltr'>bedentet</span> <span class='ocrx_word' id='word_1_352' title='bbox 1293 1575 1328 1595; x_wconf 90' lang='lat' dir='ltr'>es</span> <span class='ocrx_word' id='word_1_353' title='bbox 1348 1566 1405 1595; x_wconf 84' lang='lat' dir='ltr'>das</span> <span class='ocrx_word' id='word_1_354' title='bbox 1425 1562 1564 1604; x_wconf 76' lang='lat' dir='ltr'>Gefolge</span> 
     </span>
     <span class='ocr_line' id='line_1_54' title="bbox 897 1609 1564 1649; baseline 0 -7"><span class='ocrx_word' id='word_1_355' title='bbox 897 1611 1000 1642; x_wconf 77' lang='lat' dir='ltr'>ho‘lier</span> <span class='ocrx_word' id='word_1_356' title='bbox 1017 1610 1196 1641; x_wconf 78' lang='lat' dir='ltr'>steliender</span> <span class='ocrx_word' id='word_1_357' title='bbox 1213 1609 1398 1649; x_wconf 83' lang='lat' dir='ltr'>Personen,</span> <span class='ocrx_word' id='word_1_358' title='bbox 1425 1620 1451 1641; x_wconf 89' lang='lat' dir='ltr'>s.</span> <span class='ocrx_word' id='word_1_359' title='bbox 1471 1609 1564 1642; x_wconf 76' lang='lat' dir='ltr'>Suet.</span> 
     </span>
     <span class='ocr_line' id='line_1_55' title="bbox 897 1654 1565 1694; baseline -0.003 -7"><span class='ocrx_word' id='word_1_360' title='bbox 897 1655 971 1687; x_wconf 87' lang='lat' dir='ltr'>Tib.</span> <span class='ocrx_word' id='word_1_361' title='bbox 996 1655 1033 1693; x_wconf 78' lang='lat'>63</span> <span class='ocrx_word' id='word_1_362' title='bbox 1060 1655 1110 1686; x_wconf 92' lang='lat' dir='ltr'>bei</span> <span class='ocrx_word' id='word_1_363' title='bbox 1134 1654 1229 1685; x_wconf 82' lang='lat' dir='ltr'>Caes.</span> <span class='ocrx_word' id='word_1_364' title='bbox 1257 1655 1290 1685; x_wconf 84' lang='lat' dir='ltr'>B.</span> <span class='ocrx_word' id='word_1_365' title='bbox 1316 1654 1349 1686; x_wconf 90' lang='lat' dir='ltr'>C.</span> <span class='ocrx_word' id='word_1_366' title='bbox 1378 1655 1408 1694; x_wconf 86' lang='lat'>1,</span> <span class='ocrx_word' id='word_1_367' title='bbox 1434 1654 1495 1693; x_wconf 73' lang='lat'>483</span> <span class='ocrx_word' id='word_1_368' title='bbox 1522 1654 1565 1685; x_wconf 85' lang='lat'>54</span> 
     </span>
     <span class='ocr_line' id='line_1_56' title="bbox 896 1700 1565 1739; baseline -0.003 -8"><span class='ocrx_word' id='word_1_369' title='bbox 896 1711 928 1731; x_wconf 91' lang='lat' dir='ltr'>u.</span> <span class='ocrx_word' id='word_1_370' title='bbox 951 1711 979 1731; x_wconf 86' lang='lat' dir='ltr'>a.</span> <span class='ocrx_word' id='word_1_371' title='bbox 1007 1701 1089 1731; x_wconf 89' lang='lat' dir='ltr'>wird</span> <span class='ocrx_word' id='word_1_372' title='bbox 1119 1703 1327 1731; x_wconf 75' lang='lat' dir='ltr'>commeatus</span> <span class='ocrx_word' id='word_1_373' title='bbox 1349 1700 1496 1739; x_wconf 84' lang='lat' dir='ltr'>gelesen.</span> <span class='ocrx_word' id='word_1_374' title='bbox 1521 1716 1565 1721; x_wconf 92' lang='lat'>—-</span> 
     </span>
     <span class='ocr_line' id='line_1_57' title="bbox 886 1744 1564 1787; baseline -0.004 -10"><span class='ocrx_word' id='word_1_375' title='bbox 886 1747 1030 1787; x_wconf 78' lang='lat' dir='ltr'>fuerat,</span> <span class='ocrx_word' id='word_1_376' title='bbox 1057 1756 1087 1776; x_wconf 93' lang='lat' dir='ltr'>n.</span> <span class='ocrx_word' id='word_1_377' title='bbox 1113 1744 1318 1785; x_wconf 73' lang='lat' dir='ltr'>transgredi.</span> <span class='ocrx_word' id='word_1_378' title='bbox 1341 1763 1386 1767; x_wconf 94' lang='lat'>-—</span> <span class='ocrx_word' id='word_1_379' title='bbox 1409 1745 1564 1785; x_wconf 59' lang='lat' dir='ltr'>interfata</span> 
     </span>
     <span class='ocr_line' id='line_1_58' title="bbox 898 1789 1563 1820; baseline -0.002 0"><span class='ocrx_word' id='word_1_380' title='bbox 898 1791 1092 1820; x_wconf 76' lang='lat' dir='ltr'>bezeichnet</span> <span class='ocrx_word' id='word_1_381' title='bbox 1126 1800 1186 1820; x_wconf 86' lang='lat' dir='ltr'>nur</span> <span class='ocrx_word' id='word_1_382' title='bbox 1218 1790 1276 1820; x_wconf 84' lang='lat' dir='ltr'>das</span> <span class='ocrx_word' id='word_1_383' title='bbox 1310 1789 1444 1820; x_wconf 77' lang='lat' dir='ltr'>Factum</span> <span class='ocrx_word' id='word_1_384' title='bbox 1480 1791 1563 1819; x_wconf 81' lang='lat' dir='ltr'>ohne</span> 
     </span>
     <span class='ocr_line' id='line_1_59' title="bbox 898 1833 1563 1875; baseline -0.002 -10"><span class='ocrx_word' id='word_1_385' title='bbox 898 1835 1085 1873; x_wconf 81' lang='lat' dir='ltr'>Beziebung</span> <span class='ocrx_word' id='word_1_386' title='bbox 1113 1833 1171 1864; x_wconf 86' lang='lat' dir='ltr'>auf</span> <span class='ocrx_word' id='word_1_387' title='bbox 1196 1834 1329 1875; x_wconf 71' lang='lat' dir='ltr'>spatere</span> <span class='ocrx_word' id='word_1_388' title='bbox 1359 1834 1563 1873; x_wconf 82' lang='lat' dir='ltr'>Ereignisse,</span> 
     </span>
     <span class='ocr_line' id='line_1_60' title="bbox 898 1878 1562 1919; baseline 0 -9"><span class='ocrx_word' id='word_1_389' title='bbox 898 1890 923 1910; x_wconf 93' lang='lat' dir='ltr'>s.</span> <span class='ocrx_word' id='word_1_390' title='bbox 944 1891 971 1911; x_wconf 88' lang='lat' dir='ltr'>c.</span> <span class='ocrx_word' id='word_1_391' title='bbox 991 1880 1049 1918; x_wconf 72' lang='lat'>39,</span> <span class='ocrx_word' id='word_1_392' title='bbox 1068 1879 1104 1917; x_wconf 76' lang='grc' dir='ltr'>ὃς</span> <span class='ocrx_word' id='word_1_393' title='bbox 1124 1878 1182 1917; x_wconf 77' lang='grc' dir='ltr'>2Ῑ,</span> <span class='ocrx_word' id='word_1_394' title='bbox 1201 1879 1260 1918; x_wconf 77' lang='grc'>36,</span> <span class='ocrx_word' id='word_1_395' title='bbox 1284 1879 1318 1917; x_wconf 85' lang='grc'>1;</span> <span class='ocrx_word' id='word_1_396' title='bbox 1346 1879 1395 1919; x_wconf 80' lang='grc'>29,</span> <span class='ocrx_word' id='word_1_397' title='bbox 1415 1878 1445 1917; x_wconf 90' lang='grc'>2,</span> <span class='ocrx_word' id='word_1_398' title='bbox 1465 1879 1501 1917; x_wconf 73' lang='lat'>53</span> <span class='ocrx_word' id='word_1_399' title='bbox 1521 1878 1562 1910; x_wconf 86' lang='lat' dir='ltr'>ib.</span> 
     </span>
    </p>
   </div>
   <div class='ocr_carea' id='block_1_7' title="bbox 899 1923 1586 1972">
    <p class='ocr_par' dir='ltr' id='par_1_8' title="bbox 899 1923 1586 1972">
     <span class='ocr_line' id='line_1_61' title="bbox 899 1923 1586 1972; baseline -0.001 -17"><span class='ocrx_word' id='word_1_400' title='bbox 899 1924 957 1962; x_wconf 85' lang='lat'>23,</span> <span class='ocrx_word' id='word_1_401' title='bbox 982 1923 1586 1972; x_wconf 45' lang='grc' dir='ltr'>2,Ζυ1,1,1;23,19,17;Αη-·</span> 
     </span>
    </p>
   </div>
   <div class='ocr_carea' id='block_1_8' title="bbox 891 1969 1565 2685">
    <p class='ocr_par' dir='ltr' id='par_1_9' title="bbox 899 1969 1360 2009">
     <span class='ocr_line' id='line_1_62' title="bbox 899 1969 1360 2009; baseline -0.002 -9"><span class='ocrx_word' id='word_1_402' title='bbox 899 1970 978 2000; x_wconf 85' lang='lat' dir='ltr'>dere</span> <span class='ocrx_word' id='word_1_403' title='bbox 999 1970 1088 2000; x_wconf 86' lang='lat' dir='ltr'>lesen</span> <span class='ocrx_word' id='word_1_404' title='bbox 1108 1969 1360 2009; x_wconf 62' lang='lat' dir='ltr'>interfecerant.</span> 
     </span>
    </p>

    <p class='ocr_par' dir='ltr' id='par_1_10' title="bbox 891 2013 1565 2595">
     <span class='ocr_line' id='line_1_63' title="bbox 942 2013 1562 2053; baseline -0.002 -8"><span class='ocrx_word' id='word_1_405' title='bbox 942 2014 1053 2045; x_wconf 47' lang='grc' dir='ltr'>ὃψὸ.</span> <span class='ocrx_word' id='word_1_406' title='bbox 1079 2013 1180 2045; x_wconf 68' lang='lat' dir='ltr'>dedit.</span> <span class='ocrx_word' id='word_1_407' title='bbox 1199 2013 1306 2052; x_wconf 56' lang='lat' dir='ltr'>istd„</span> <span class='ocrx_word' id='word_1_408' title='bbox 1331 2024 1357 2044; x_wconf 86' lang='lat' dir='ltr'>s.</span> <span class='ocrx_word' id='word_1_409' title='bbox 1377 2013 1434 2053; x_wconf 88' lang='grc'>27,</span> <span class='ocrx_word' id='word_1_410' title='bbox 1463 2013 1512 2053; x_wconf 79' lang='grc'>15,</span> <span class='ocrx_word' id='word_1_411' title='bbox 1535 2014 1562 2044; x_wconf 87' lang='lat' dir='ltr'>l.</span> 
     </span>
     <span class='ocr_line' id='line_1_64' title="bbox 896 2058 1562 2101; baseline -0.002 -11"><span class='ocrx_word' id='word_1_412' title='bbox 896 2060 1098 2101; x_wconf 74' lang='lat' dir='ltr'>——sucitms</span> <span class='ocrx_word' id='word_1_413' title='bbox 1111 2058 1258 2099; x_wconf 83' lang='lat' dir='ltr'>—soed.</span> <span class='ocrx_word' id='word_1_414' title='bbox 1280 2059 1385 2100; x_wconf 83' lang='lat' dir='ltr'>ac.s.,</span> <span class='ocrx_word' id='word_1_415' title='bbox 1405 2059 1562 2089; x_wconf 83' lang='lat' dir='ltr'>Allitera-</span> 
     </span>
     <span class='ocr_line' id='line_1_65' title="bbox 896 2102 1564 2145; baseline 0 -10"><span class='ocrx_word' id='word_1_416' title='bbox 896 2105 982 2143; x_wconf 87' lang='lat' dir='ltr'>tion,</span> <span class='ocrx_word' id='word_1_417' title='bbox 1004 2104 1144 2145; x_wconf 76' lang='lat' dir='ltr'>foedum</span> <span class='ocrx_word' id='word_1_418' title='bbox 1163 2105 1220 2134; x_wconf 85' lang='lat' dir='ltr'>das</span> <span class='ocrx_word' id='word_1_419' title='bbox 1241 2104 1424 2134; x_wconf 76' lang='lat' dir='ltr'>natiirliche</span> <span class='ocrx_word' id='word_1_420' title='bbox 1444 2102 1564 2135; x_wconf 75' lang='lat' dir='ltr'>Geffihl</span> 
     </span>
     <span class='ocr_line' id='line_1_66' title="bbox 897 2149 1563 2189; baseline -0.002 -9"><span class='ocrx_word' id='word_1_421' title='bbox 897 2150 1229 2189; x_wconf 75' lang='lat' dir='ltr'>vei-letzen‹l,sermn</span> <span class='ocrx_word' id='word_1_422' title='bbox 1244 2159 1302 2179; x_wconf 86' lang='lat' dir='ltr'>aus</span> <span class='ocrx_word' id='word_1_423' title='bbox 1317 2149 1420 2179; x_wconf 80' lang='lat' dir='ltr'>einem</span> <span class='ocrx_word' id='word_1_424' title='bbox 1433 2149 1563 2189; x_wconf 82' lang='lat' dir='ltr'>wilden,</span> 
     </span>
     <span class='ocr_line' id='line_1_67' title="bbox 897 2194 1560 2233; baseline -0.002 -8"><span class='ocrx_word' id='word_1_425' title='bbox 897 2196 996 2225; x_wconf 83' lang='lat' dir='ltr'>rolien</span> <span class='ocrx_word' id='word_1_426' title='bbox 1032 2194 1216 2225; x_wconf 63' lang='lat' dir='ltr'>Chai-aliter</span> <span class='ocrx_word' id='word_1_427' title='bbox 1255 2195 1560 2233; x_wconf 73' lang='lat' dir='ltr'>liervorgegangen.</span> 
     </span>
     <span class='ocr_line' id='line_1_68' title="bbox 896 2238 1563 2278; baseline -0.001 -8"><span class='ocrx_word' id='word_1_428' title='bbox 896 2239 954 2270; x_wconf 86' lang='lat' dir='ltr'>Die</span> <span class='ocrx_word' id='word_1_429' title='bbox 985 2240 1133 2270; x_wconf 76' lang='lat' dir='ltr'>iilinliclie</span> <span class='ocrx_word' id='word_1_430' title='bbox 1158 2238 1245 2269; x_wconf 77' lang='lat' dir='ltr'>That</span> <span class='ocrx_word' id='word_1_431' title='bbox 1274 2239 1333 2268; x_wconf 81' lang='lat' dir='ltr'>der</span> <span class='ocrx_word' id='word_1_432' title='bbox 1364 2239 1563 2278; x_wconf 66' lang='lat' dir='ltr'>Saguntiner</span> 
     </span>
     <span class='ocr_line' id='line_1_69' title="bbox 895 2283 1560 2323; baseline -0.002 -8"><span class='ocrx_word' id='word_1_433' title='bbox 895 2285 977 2315; x_wconf 84' lang='lat' dir='ltr'>wird</span> <span class='ocrx_word' id='word_1_434' title='bbox 1002 2285 1054 2321; x_wconf 87' lang='grc'>21,</span> <span class='ocrx_word' id='word_1_435' title='bbox 1078 2284 1114 2314; x_wconf 73' lang='lat'>14</span> <span class='ocrx_word' id='word_1_436' title='bbox 1139 2284 1227 2314; x_wconf 83' lang='lat' dir='ltr'>nicht</span> <span class='ocrx_word' id='word_1_437' title='bbox 1241 2294 1275 2313; x_wconf 77' lang='lat' dir='ltr'>so</span> <span class='ocrx_word' id='word_1_438' title='bbox 1293 2284 1480 2323; x_wconf 71' lang='lat' dir='ltr'>bcurtlieilt,</span> <span class='ocrx_word' id='word_1_439' title='bbox 1495 2283 1560 2322; x_wconf 82' lang='lat' dir='ltr'>vgl.</span> 
     </span>
     <span class='ocr_line' id='line_1_70' title="bbox 891 2329 1563 2370; baseline -0.001 -10"><span class='ocrx_word' id='word_1_440' title='bbox 891 2329 1011 2370; x_wconf 81' lang='lat' dir='ltr'>jedocli</span> <span class='ocrx_word' id='word_1_441' title='bbox 1037 2330 1096 2367; x_wconf 86' lang='grc'>31,</span> <span class='ocrx_word' id='word_1_442' title='bbox 1125 2329 1182 2367; x_wconf 82' lang='grc'>17,</span> <span class='ocrx_word' id='word_1_443' title='bbox 1207 2329 1236 2358; x_wconf 82' lang='grc'>5.</span> <span class='ocrx_word' id='word_1_444' title='bbox 1262 2346 1306 2350; x_wconf 90' lang='lat'>—</span> <span class='ocrx_word' id='word_1_445' title='bbox 1328 2330 1360 2359; x_wconf 77' lang='lat' dir='ltr'>in</span> <span class='ocrx_word' id='word_1_446' title='bbox 1385 2340 1421 2359; x_wconf 80' lang='lat' dir='ltr'>se</span> <span class='ocrx_word' id='word_1_447' title='bbox 1443 2329 1563 2368; x_wconf 80' lang='lat' dir='ltr'>geho&#39;rt</span> 
     </span>
     <span class='ocr_line' id='line_1_71' title="bbox 896 2374 1563 2414; baseline -0.001 -9"><span class='ocrx_word' id='word_1_448' title='bbox 896 2376 987 2406; x_wconf 71' lang='lat' dir='ltr'>int-ln·</span> <span class='ocrx_word' id='word_1_449' title='bbox 1026 2385 1064 2404; x_wconf 92' lang='lat' dir='ltr'>zu</span> <span class='ocrx_word' id='word_1_450' title='bbox 1095 2375 1252 2414; x_wconf 66' lang='lat' dir='ltr'>silvinus,</span> <span class='ocrx_word' id='word_1_451' title='bbox 1295 2374 1352 2403; x_wconf 83' lang='lat' dir='ltr'>das</span> <span class='ocrx_word' id='word_1_452' title='bbox 1382 2379 1475 2404; x_wconf 62' lang='lat' dir='ltr'>sonst</span> <span class='ocrx_word' id='word_1_453' title='bbox 1506 2374 1563 2404; x_wconf 78' lang='lat' dir='ltr'>mit</span> 
     </span>
     <span class='ocr_line' id='line_1_72' title="bbox 895 2418 1565 2451; baseline -0.001 0"><span class='ocrx_word' id='word_1_454' title='bbox 895 2421 1103 2451; x_wconf 72' lang='lat' dir='ltr'>consciscere</span> <span class='ocrx_word' id='word_1_455' title='bbox 1141 2419 1208 2449; x_wconf 77' lang='lat' dir='ltr'>sicli</span> <span class='ocrx_word' id='word_1_456' title='bbox 1245 2418 1468 2449; x_wconf 76' lang='lat' dir='ltr'>verbindende</span> <span class='ocrx_word' id='word_1_457' title='bbox 1500 2420 1565 2450; x_wconf 79' lang='lat' dir='ltr'>sibi</span> 
     </span>
     <span class='ocr_line' id='line_1_73' title="bbox 895 2464 1561 2506; baseline 0 -11"><span class='ocrx_word' id='word_1_458' title='bbox 895 2466 1017 2496; x_wconf 77' lang='lat' dir='ltr'>konnte</span> <span class='ocrx_word' id='word_1_459' title='bbox 1037 2466 1107 2495; x_wconf 79' lang='lat' dir='ltr'>liier</span> <span class='ocrx_word' id='word_1_460' title='bbox 1126 2464 1212 2494; x_wconf 79' lang='lat' dir='ltr'>nicht</span> <span class='ocrx_word' id='word_1_461' title='bbox 1227 2465 1351 2494; x_wconf 61' lang='lat' dir='ltr'>stenen.</span> <span class='ocrx_word' id='word_1_462' title='bbox 1368 2482 1401 2485; x_wconf 85' lang='lat'>—</span> <span class='ocrx_word' id='word_1_463' title='bbox 1420 2466 1561 2506; x_wconf 70' lang='lat' dir='ltr'>prelt&#39;os.</span> 
     </span>
     <span class='ocr_line' id='line_1_74' title="bbox 895 2509 1560 2550; baseline -0.002 -9"><span class='ocrx_word' id='word_1_464' title='bbox 895 2520 978 2549; x_wconf 53' lang='lat' dir='ltr'>rer„</span> <span class='ocrx_word' id='word_1_465' title='bbox 1008 2510 1040 2548; x_wconf 90' lang='grc'>1,</span> <span class='ocrx_word' id='word_1_466' title='bbox 1066 2510 1124 2545; x_wconf 67' lang='grc'>313,</span> <span class='ocrx_word' id='word_1_467' title='bbox 1150 2510 1179 2539; x_wconf 71' lang='grc'>6.</span> <span class='ocrx_word' id='word_1_468' title='bbox 1198 2509 1347 2550; x_wconf 60' lang='lat' dir='ltr'>—sasez</span> <span class='ocrx_word' id='word_1_469' title='bbox 1366 2510 1468 2549; x_wconf 62' lang='lat' dir='ltr'>virga,</span> <span class='ocrx_word' id='word_1_470' title='bbox 1494 2509 1560 2549; x_wconf 76' lang='lat' dir='ltr'>vgl.</span> 
     </span>
     <span class='ocr_line' id='line_1_75' title="bbox 895 2555 1412 2595; baseline -0.002 -10"><span class='ocrx_word' id='word_1_471' title='bbox 895 2555 948 2592; x_wconf 80' lang='lat'>22,</span> <span class='ocrx_word' id='word_1_472' title='bbox 970 2555 1019 2594; x_wconf 65' lang='lat'>10,</span> <span class='ocrx_word' id='word_1_473' title='bbox 1040 2555 1207 2595; x_wconf 54' lang='lat' dir='ltr'>Usus-ces</span> <span class='ocrx_word' id='word_1_474' title='bbox 1225 2558 1412 2595; x_wconf 73' lang='lat' dir='ltr'>virgarum.</span> 
     </span>
    </p>

    <p class='ocr_par' dir='ltr' id='par_1_11' title="bbox 897 2600 1562 2685">
     <span class='ocr_line' id='line_1_76' title="bbox 940 2600 1558 2641; baseline 0.002 -12"><span class='ocrx_word' id='word_1_475' title='bbox 940 2600 1072 2630; x_wconf 77' lang='lat'>7-10.</span> <span class='ocrx_word' id='word_1_476' title='bbox 1112 2600 1258 2641; x_wconf 75' lang='lat' dir='ltr'>praesid.</span> <span class='ocrx_word' id='word_1_477' title='bbox 1293 2617 1338 2621; x_wconf 84' lang='lat'>—</span> <span class='ocrx_word' id='word_1_478' title='bbox 1370 2602 1558 2638; x_wconf 67' lang='lat' dir='ltr'>servarent,</span> 
     </span>
     <span class='ocr_line' id='line_1_77' title="bbox 897 2644 1562 2685; baseline 0 -10"><span class='ocrx_word' id='word_1_479' title='bbox 897 2644 1023 2676; x_wconf 73' lang='lat' dir='ltr'>Wache</span> <span class='ocrx_word' id='word_1_480' title='bbox 1042 2645 1150 2675; x_wconf 81' lang='lat' dir='ltr'>halten</span> <span class='ocrx_word' id='word_1_481' title='bbox 1172 2645 1232 2675; x_wconf 85' lang='lat' dir='ltr'>wie</span> <span class='ocrx_word' id='word_1_482' title='bbox 1251 2644 1303 2680; x_wconf 74' lang='lat'>33,</span> <span class='ocrx_word' id='word_1_483' title='bbox 1322 2645 1351 2685; x_wconf 76' lang='lat'>4,</span> <span class='ocrx_word' id='word_1_484' title='bbox 1370 2644 1404 2675; x_wconf 87' lang='lat'>2:</span> <span class='ocrx_word' id='word_1_485' title='bbox 1423 2655 1562 2676; x_wconf 72' lang='lat' dir='ltr'>serrare</span> 
     </span>
    </p>
   </div>
   <div class='ocr_carea' id='block_1_9' title="bbox 1595 673 1616 703">
    <p class='ocr_par' dir='ltr' id='par_1_12' title="bbox 1595 673 1616 703">
     <span class='ocr_line' id='line_1_78' title="bbox 1595 673 1616 703; baseline 0 0"><span class='ocrx_word' id='word_1_486' title='bbox 1595 673 1616 703; x_wconf 80' lang='lat'>4</span> 
     </span>
    </p>
   </div>
   <div class='ocr_carea' id='block_1_10' title="bbox 1594 784 1613 814">
    <p class='ocr_par' dir='ltr' id='par_1_13' title="bbox 1594 784 1613 814">
     <span class='ocr_line' id='line_1_79' title="bbox 1594 784 1613 814; baseline 0 0"><span class='ocrx_word' id='word_1_487' title='bbox 1594 784 1613 814; x_wconf 75' lang='lat'><strong>5</strong></span> 
     </span>
    </p>
   </div>
   <div class='ocr_carea' id='block_1_11' title="bbox 1595 1010 1614 1039">
    <p class='ocr_par' dir='ltr' id='par_1_14' title="bbox 1595 1010 1614 1039">
     <span class='ocr_line' id='line_1_80' title="bbox 1595 1010 1614 1039; baseline 0 0"><span class='ocrx_word' id='word_1_488' title='bbox 1595 1010 1614 1039; x_wconf 73' lang='lat'><strong>6</strong></span> 
     </span>
    </p>
   </div>
   <div class='ocr_carea' id='block_1_12' title="bbox 1594 1181 1611 1211">
    <p class='ocr_par' dir='ltr' id='par_1_15' title="bbox 1594 1181 1611 1211">
     <span class='ocr_line' id='line_1_81' title="bbox 1594 1181 1611 1211; baseline 0 0"><span class='ocrx_word' id='word_1_489' title='bbox 1594 1181 1611 1211; x_wconf 80' lang='lat'><strong>7</strong></span> 
     </span>
    </p>
   </div>
  </div>
 </body>
</html>
