1784 2967
92 893 131 924 10

91 1175 129 1206 15

165 292 190 309 a.
208 284 262 310 ch.
277 283 339 309 215.
646 273 771 306 LIBER
788 272 916 307 XXIV.
951 274 1044 307 CAP.
1064 275 1094 306 7.

1526 278 1575 316 17

163 389 232 416 nes
260 377 362 416 forte
388 376 604 416 militabant
631 400 686 405 —
714 377 961 415 imminentes
982 377 1063 415 viae
1085 382 1287 428 angustae,
1317 390 1391 429 qua
1413 378 1576 417 descen-

164 433 252 472 dere
274 434 320 472 ad
341 433 472 472 forum
493 446 558 472 rex
578 433 741 480 solebat,
765 438 1002 472 sumserunt.
1036 433 1191 472 ibicum
1209 434 1346 472 structi
1363 434 1577 485 armatique

136 540 145 544 -
163 491 276 528 ceteri
298 490 504 529 transitum
526 495 770 541 expectantes
794 495 954 537 starent,
976 489 1042 528 uni
1065 502 1109 528 ex
1131 490 1184 529 eis
1207 513 1260 518 ——
1283 490 1487 530 Dinomeni
1503 491 1578 530 fuit

148 547 308 585 'nomen
329 570 396 593 —-,
419 546 505 598 quia
528 552 660 585 custos
683 545 861 597 corporis
884 552 975 593 erat,
999 551 1127 597 partes
1150 547 1259 585 datae
1282 552 1384 594 sunt,
1407 552 1461 595 ut,
1487 560 1574 586 cum

162 602 490 654 adpropinquaret
509 604 643 642 ianuae
664 614 744 649 reX,
766 615 835 654 per
857 615 1012 642 causam
1035 602 1198 653 aliquam
1218 603 1257 641 in
1274 604 1462 654 augustiis
1484 616 1575 643 sus-

162 660 300 698 tineret
320 659 366 698 ab
388 665 496 710 tergo
518 672 668 710 agmen.
712 659 763 698 ita
785 665 828 698 ut
848 664 1084 698 convenerat
1104 660 1249 698 factum
1267 666 1336 700 est.
1377 666 1574 711 tamquam

160 716 303 754 laxaret
324 716 465 755 elatum
488 716 627 767 pedem
649 715 694 754 ab
717 715 850 754 stricto
873 716 992 761 nodo,
1016 721 1191 754 moratus
1214 717 1366 755 turbam
1388 716 1574 755 Dinome-

160 784 231 810 nes
252 778 404 811 tantum
426 773 612 811 intervalli
634 772 735 818 fecit,
754 778 804 818 ut,
827 785 914 811 cum
933 772 970 810 in
988 777 1296 823 praetereuntem
1315 773 1398 811 sine
1415 773 1574 812 armatis

160 840 290 878 regem
308 829 477 881 impetus
495 830 614 876 fieret,
639 829 914 868 confoderetur
930 828 1076 880 aliquot
1094 829 1200 880 prius
1219 829 1439 868 vulneribus
1459 841 1575 881 quam

161 886 333 924 succurri
361 892 508 936 posset.
557 886 723 924 clamore
750 891 787 924 et
818 885 982 924 tumultu
1004 885 1134 924 audito
1156 885 1196 924 in
1218 885 1474 925 Dinomenem
1497 885 1572 925 iam

159 941 261 980 haud
283 942 398 981 dubie
421 942 640 981 obstantem
663 942 734 980 tela
756 941 1012 988 coniciuntur,
1033 942 1133 980 inter
1155 955 1250 993 quae
1271 948 1400 981 tamen
1419 942 1573 982 duobus

159 998 326 1049 acceptis
360 999 581 1038 vulneribus
609 999 739 1037 evasit.
785 998 875 1049 fuga
904 998 1128 1043 satellitum,
1162 1004 1206 1037 ut
1232 998 1418 1037 iacentem
1447 999 1574 1038 videre

158 1067 307 1106 regem,
333 1056 431 1094 facta
461 1061 531 1094 est.
577 1056 844 1094 interfectores
875 1067 964 1106 pars
994 1056 1032 1093 in
1060 1055 1190 1094 forum
1219 1055 1258 1093 in
1287 1055 1573 1095 multitudinem

158 1111 296 1150 laetam
324 1112 514 1159 libertate,
545 1124 635 1163 pars
659 1112 869 1163 Syracusas
890 1117 1058 1163 pergunt
1079 1111 1124 1150 ad
1148 1113 1468 1162 praeoccupanda
1489 1113 1573 1151 An-

159 1168 371 1207 dranodori
406 1169 680 1219 regiorumque
715 1168 878 1207 aliorum
917 1168 1088 1207 consilia.
1134 1168 1281 1207 incerto
1310 1181 1438 1207 rerum
1468 1174 1572 1208 statu

157 1225 228 1275 Ap.
250 1224 426 1263 Claudius
447 1225 589 1263 bellum
612 1224 741 1263 oriens
764 1237 808 1263 ex
830 1225 1052 1276 propinquo
1075 1237 1161 1263 cum
1186 1230 1370 1272 cerneret,
1395 1230 1571 1264 senatum

155 1280 290 1319 litteris
319 1281 521 1320 certiorem
549 1281 639 1320 fecit
661 1281 828 1320 Siciliam
857 1281 1162 1332 Carthaginiensi
1191 1282 1337 1332 populo
1366 1287 1403 1320 et
1422 1281 1570 1321 Hanni-

157 1337 231 1376 bali
260 1337 473 1383 conciliari,
509 1338 592 1389 ipse
619 1338 805 1377 adversus
835 1339 1073 1389 Syracusana
1095 1338 1253 1376 consilia
1281 1338 1331 1377 acl
1350 1338 1572 1389 provinciae

156 1393 342 1445 regnique
365 1394 462 1433 fines
485 1395 613 1433 omnia
638 1395 825 1433 convertit
845 1394 1047 1446 praesidia.

158 1529 198 1560 27
210 1555 218 1569 ,
242 1530 302 1571 44,
323 1530 356 1562 1:
376 1530 502 1563 Romae
519 1530 613 1562 haud
626 1532 738 1562 minus
757 1534 826 1562 ter-

158 1578 247 1607 roris
270 1594 314 1598 —-
338 1579 414 1607 erat
432 1587 532 1618 quam
546 1576 669 1617 fuerat
692 1577 825 1608 biennio

899 1533 996 1571 sunt,
1015 1532 1053 1561 ut
1069 1540 1146 1562 cum
1157 1548 1202 1553 —
1216 1532 1358 1569 starent,
1375 1530 1472 1569 (tum)
1492 1540 1569 1562 eum

899 1594 942 1598 ———
967 1575 1268 1619 adpropinquaret,
1300 1577 1494 1607 sustineret.
1525 1593 1570 1597 —

157 1623 245 1660 arete,
261 1631 336 1653 cum
349 1623 464 1653 castra
477 1621 607 1653 Punica
622 1621 827 1653 obiectam-

112 1683 116 1687 ·
157 1668 267 1698 manis
280 1668 456 1698 moenibus
472 1668 648 1710 portisque
661 1667 825 1708 liter-ant,-

159 1710 213 1752 28,
231 1711 262 1752 2,
285 1711 320 1751 13
346 1712 412 1743 Cic.
431 1712 470 1743 de
489 1713 563 1754 imp.
583 1711 694 1754 Pomp.
714 1712 744 1749 7,
766 1711 826 1751 183

159 1759 231 1788 tum
253 1767 329 1788 cum
351 1759 596 1794 amiseramus-,-
620 1757 711 1788 Fam.
737 1756 773 1795 3,
799 1758 828 1798 7,

159 1801 196 1839 5;
216 1801 308 1833 Curt.
325 1801 356 1841 9,
373 1802 427 1841 40,
445 1801 502 1833 12.-
521 1812 595 1833 cum
609 1801 824 1842 dejieeerant5

161 1846 201 1876 ib.
226 1846 263 1885 3,
288 1846 347 1886 25,
371 1846 390 1877 S
409 1857 440 1877 u.
463 1856 493 1877 a.
510 1846 696 1877 —liberas
713 1846 825 1885 aedes,

161 1891 213 1921 ein
231 1896 326 1923 sonst
342 1891 598 1931 unbewohntes,
618 1892 826 1922 leerstehen-

160 1937 218 1967 des
237 1936 342 1978 Haus,
360 1937 417 1967 das
437 1947 519 1976 ganz
540 1948 580 1967 zu
599 1937 689 1968 ihrer
706 1935 829 1968 Versu-

159 1991 247 2022 gung
264 1982 376 2021 stand,
407 1982 471 2022 vgl.
492 1981 550 2024 25,
572 1981 621 2017 10,
640 1981 675 2012 9;
706 1992 829 2014 vacuas

159 2045 202 2049 —
225 2027 337 2059 aedes.
382 2027 470 2058 Doch
500 2028 630 2059 scheint
657 2027 709 2058 die
738 2027 828 2058 Stel-

160 2072 239 2113 lung
265 2073 325 2103 der
354 2072 573 2104 Parenthese:
603 2075 636 2103 et
661 2090 706 2095 —
733 2072 827 2104 milit.

161 2117 250 2148 nicht
277 2118 377 2149 allein
402 2118 626 2159 anzudeuten,
656 2118 731 2149 dass
758 2118 828 2149 ihre

159 2162 409 2202 Anwesenheit,
427 2163 504 2194 weil
522 2163 569 2194 sie
587 2163 618 2194 in
633 2164 705 2194 dem
721 2163 829 2194 Heere

161 2208 220 2239 des
237 2207 456 2250 Hieronymus
475 2209 626 2250 dientem,
652 2208 741 2239 nieht
758 2207 830 2239 auf-

145 2252 262 2294 ,fallen
279 2253 420 2293 konnte,
451 2254 593 2285 sondern
624 2254 721 2292 auch,
753 2254 829 2284 dass

161 2298 208 2329 sie
232 2298 282 2329 als
307 2298 463 2329 Soldaten
488 2297 570 2330 freie
594 2299 775 2339 X'Vohnung
798 2299 828 2329 in

160 2343 335 2385 Ansprueh
350 2344 487 2374 nehmen
502 2344 652 2379 durl'tenz
668 2348 763 2375 sonst
777 2354 831 2375 er-

162 2388 273 2419 halteu
292 2389 344 2419 die
360 2388 547 2420 Gesandten
567 2390 598 2421 in
614 2389 694 2421 Rom
708 2389 831 2421 liberae

160 2433 271 2466 aedes.
289 2453 333 2456 —
350 2436 423 2466 viae
439 2444 487 2473 a.,
518 2435 583 2474 vgl.
602 2434 717 2477 Polyb.
744 2435 779 2471 7,
797 2433 828 2465 6.

161 2497 205 2501 ——
221 2489 358 2512 sum-ser
378 2504 386 2520 ,
413 2479 461 2511 sie
487 2480 623 2511 nahmen
650 2490 685 2511 es
710 2480 741 2510 in
768 2479 830 2510 Be-

162 2524 288 2564 schlag.

207 2569 239 2600 4.
265 2571 327 2601 vasi
342 2587 387 2593 ——
403 2569 502 2601 datae
519 2582 545 2601 s.
572 2571 615 2601 ist
632 2571 692 2602 der
705 2569 829 2611 Haupt-

163 2618 235 2645 satz
261 2625 303 2646 zu
322 2614 437 2646 beiden
457 2615 579 2646 Siitzen
597 2616 656 2647 mit
673 2625 749 2647 cam
765 2615 830 2646 und

162 2659 250 2690 wohl
273 2660 303 2690 in
329 2660 380 2691 die
399 2659 496 2691 Mitte
515 2661 653 2700 gestellt
669 2670 719 2691 um
740 2660 830 2690 diese

164 2705 385 2736 auseinander
399 2716 440 2736 zu
455 2706 580 2737 halten:
598 2708 714 2749 partes
732 2705 831 2737 (latae

234 2755 316 2782 Tim<
337 2756 430 2783 Livius
452 2757 483 2783 V.

898 1623 1036 1661 ianuae,
1056 1620 1219 1652 natiirlich
1237 1621 1297 1652 der
1314 1620 1439 1652 liberae
1457 1620 1568 1658 aedes,

900 1677 961 1698 vor
1004 1666 1151 1697 welchen
1189 1666 1242 1696 die
1279 1664 1568 1697 Verschworenen

901 1712 1033 1743 stehen:
1065 1713 1195 1753 eaepecl.
1219 1713 1362 1743 starent.
1380 1729 1425 1734 —
1441 1712 1482 1742 ab
1502 1714 1571 1742 ter-

899 1767 946 1799 go
965 1755 1142 1788 attributiv
1161 1766 1201 1787 zu
1219 1767 1352 1798 agmen.

946 1801 1044 1832 5—7.
1060 1801 1134 1832 elat.
1148 1812 1181 1844 p.
1199 1806 1275 1840 etc„
1294 1801 1345 1832 die
1360 1801 1500 1841 Schuhe,
1515 1811 1571 1831 so-

900 1846 988 1877 wohl
1012 1846 1062 1876 die
1086 1846 1199 1877 soleae
1222 1846 1271 1877 als
1302 1847 1354 1877 die
1378 1846 1481 1877 calcei
1506 1847 1572 1877 und

902 1891 1067 1931 crepidae,
1087 1901 1113 1922 s.
1133 1890 1186 1931 29,
1208 1891 1258 1929 19,
1284 1890 1335 1931 12,
1356 1892 1493 1922 wurden
1513 1892 1573 1922 mit

900 1936 1035 1968 Riemen
1051 1946 1101 1967 am
1110 1935 1215 1967 Fusse
1230 1935 1402 1977 befestigt:
1419 1936 1513 1967 einen
1530 1947 1571 1967 zu

901 1981 967 2013 l'est
980 1991 1169 2022 gezogenen
1178 1980 1308 2013 Hnoten
1325 1983 1456 2021 (stm'cto
1467 1981 1569 2020 nodo)

902 2027 971 2058 will
996 2037 1033 2058 er
1057 2026 1211 2058 lockerer
1228 2028 1372 2058 machen.
1391 2045 1435 2050 —-
1452 2029 1572 2059 interr.

891 2074 942 2114 sl,
957 2071 1008 2113 27,
1028 2072 1083 2111 45,
1102 2072 1175 2102 1.—
1189 2072 1325 2114 eonfod.
1340 2072 1440 2111 vuln„
1460 2072 1572 2113 Hiebe,

903 2118 1025 2157 Stiche,
1041 2118 1161 2148 anders
1181 2118 1222 2149 im
1240 2117 1332 2158 Folg.
1350 2137 1392 2140 —
1412 2117 1505 2149 haud
1522 2118 1573 2149 cl...-

903 2161 1163 2203 unzweifelhai‘t,
1183 2163 1340 2200 offenbar,
1360 2162 1413 2203 22,
1442 2163 1492 2202 14,
1519 2163 1570 2193 15.

901 2226 946 2231 -—
960 2210 1048 2239 inter
1065 2218 1158 2249 quae,
1178 2219 1202 2239 s.
1223 2208 1251 2249 1,
1270 2207 1323 2247 53,
1344 2208 1373 2239 7.
1391 2225 1434 2230 -—
1449 2210 1571 2245 tamen,

903 2253 934 2293 2,
960 2253 1014 2292 29,
1040 2253 1072 2284 4.
1088 2271 1133 2276 —
1151 2253 1299 2286 duobus:
1324 2263 1385 2284 nur
1407 2254 1503 2283 zwei.
1527 2269 1572 2274 ——

892 2300 993 2340 suga
1008 2301 1091 2339 sat„
1117 2298 1183 2339 vgl.
1206 2299 1233 2338 l,
1252 2299 1305 2336 43,
1325 2299 1356 2329 4.
1373 2316 1417 2320 --
1431 2307 1514 2340 pars
1528 2314 1571 2319 -—

900 2354 994 2388 pars,
1013 2344 1172 2385 partitive
1190 2343 1387 2385 Appositiou
1406 2353 1447 2373 zu
1464 2344 1572 2374 inter-

891 2390 982 2431 fect.
1000 2407 1045 2412 -
1060 2391 1095 2421 in
1110 2389 1244 2430 multia,
1263 2393 1359 2420 unter
1373 2388 1424 2418 die
1439 2387 1569 2427 Menge,

902 2435 953 2465 die
978 2434 1046 2465 sich
1070 2434 1195 2465 bereits
1214 2433 1427 2465 versammelt
1444 2434 1513 2473 hat,
1540 2433 1570 2463 in

902 2480 972 2511 ihre
991 2479 1103 2520 Mitte,
1122 2479 1188 2519 vgl.
1208 2478 1243 2519 3,
1262 2478 1314 2515 36,
1334 2478 1364 2509 5.

949 2524 1059 2555 8—9.
1103 2535 1148 2555 em
1173 2525 1327 2567 prope'nq.
1353 2524 1474 2563 gehb'rt
1510 2534 1572 2554 zu-

905 2570 1021 2601 niichst
1038 2580 1079 2600 zu
1098 2572 1218 2607 oriens,
1237 2569 1320 2599 kann
1340 2568 1420 2600 aber
1432 2569 1514 2599 auch
1530 2579 1572 2598 zu

904 2617 1058 2647 cerneret
1081 2623 1228 2654 gezogeu
1248 2614 1393 2645 werden.
1420 2632 1463 2636 -—
1490 2613 1572 2645 Car-

905 2660 997 2701 thag.
1014 2670 1104 2702 pop..
1124 2670 1149 2689 s.
1171 2669 1195 2688 c.
1218 2658 1248 2697 6,
1268 2658 1286 2689 8
1304 2677 1347 2681 ——
1364 2658 1512 2701 θάμνου.
1533 2669 1570 2690 r..

904 2706 1078 2736 unsichere
1105 2703 1348 2743 Veriinderung
1378 2705 1436 2735 der
1468 2703 1571 2734 hand-

1283 2760 1301 2790 2

1605 446 1624 477 4

1600 1294 1620 1325 9
