1784 2967
167 349 208 382 13

166 576 208 608 14

166 630 206 662 15

166 911 208 945 16

167 1024 207 1057 17

167 1137 207 1170 18

236 183 317 223 232
684 179 809 212 LIBER
835 179 989 214 XXVIII.
1024 180 1116 213 CAP.
1142 181 1196 212 44.

1498 199 1523 215 ει.
1541 199 1566 215 11.
1582 190 1644 216 549.

237 286 284 325 ad
321 283 599 323 defendendam
635 282 754 320 modo
781 281 928 321 Italiam
957 282 1023 321 sed
1055 282 1101 322 ad
1128 281 1324 321 inferenda
1351 283 1465 321 etiam
1493 282 1644 322 Africae

238 354 344 381 arma
364 340 482 379 videri
503 339 616 377 nohis
639 338 810 377 animum
833 351 939 388 esse,
961 351 1033 378 nec
1053 340 1128 378 hoc
1148 338 1251 377 credi
1272 338 1510 390 vulgarique,
1539 339 1644 390 quod

236 396 425 436 Hannibal
460 407 580 434 ausus
617 396 686 441 sit,
708 395 917 434 Jneminem
953 395 1090 434 ducem
1119 395 1389 434 Romanorum
1410 395 1572 442 audere,
1608 400 1645 435 et

235 454 367 506 priore
384 452 531 491 Punico
554 451 666 498 hello,
688 456 785 500 tum,
809 464 896 491 cum
918 452 965 490 de
982 452 1109 491 Sicilia
1131 456 1352 498 certaretur,
1375 453 1517 491 totiens
1540 451 1644 491 Afri-

236 522 319 549 cam
349 508 396 547 ab
423 507 569 547 nostris
596 507 905 560 exercitibusque
932 513 970 547 et
997 508 1184 547 classibus
1215 512 1497 559 oppugnatam,
1525 520 1642 556 nunc,

237 578 322 605 cum
340 564 502 604 deItalia
515 569 693 611 certetur,
715 565 881 604 Africam
895 569 1068 616 pacatam
1081 577 1178 603 esse.
1210 566 1428 616 requiescat
1439 564 1643 616 aliquando

236 625 366 660 vexata
387 625 466 660 tam
488 621 553 659 diu
577 621 691 666 ltalia,
715 626 851 660 uratur
868 625 1138 672 evasteturque
1154 621 1194 659 in
1212 621 1334 660 vicem
1352 621 1498 669 Africa3
1521 625 1646 660 castra

234 679 412 717 Romana
433 677 563 729 potius
586 677 825 728 Carthaginis
847 677 972 728 portis
994 677 1242 724 immineant,
1273 690 1386 729 quam
1409 690 1484 716 nos
1506 677 1646 716 iterum

234 734 375 773 vallum
396 734 569 772 hostium
593 746 637 772 ex
659 734 867 772 moenibus
889 734 1034 772 nostris
1054 734 1269 782 videamus,
1291 734 1418 773 Africa
1440 734 1491 772 sit
1510 734 1647 785 reliqui

233 790 322 830 belli
344 790 473 837 sedes,
494 790 583 828 illuc
603 796 728 829 terror
747 791 928 840 fugaque,
948 789 1151 841 populatio
1173 802 1368 840 agrorum,
1391 790 1554 829 defectio
1577 803 1644 829 so-

237 847 387 886 ciorum
402 877 410 893 ,
441 852 586 885 ceterae
606 846 692 884 belli
713 846 858 892 clades,
883 859 979 897 quae
999 846 1039 884 in
1060 859 1134 885 nos
1156 859 1225 898 per
1245 847 1553 898 quattuordecim
1575 858 1647 885 an-

235 916 309 943 nos
331 904 580 953 ingruerunt,
609 908 818 942 vertantur.
867 915 963 953 quae
992 903 1038 941 ad
1067 915 1148 941 rem
1178 903 1371 953 publicam
1393 904 1589 954 pertinent
1610 908 1647 941 et

235 960 390 1007 bellum,
412 960 516 1010 quod
541 960 672 1006 instat,
695 966 732 998 et
747 959 980 1011 provincias,
1002 959 1048 997 de
1064 959 1204 1009 quihus
1228 960 1363 1010 agitur,
1387 959 1529 998 dixisse
1553 959 1645 998 satis

239 1022 317 1055 est:
339 1016 399 1054 illa
420 1017 535 1066 longa
559 1017 680 1055 oratio
704 1028 776 1055 nec
797 1016 843 1054 ad
865 1028 936 1054 vos
957 1015 1156 1067 pertinens
1179 1015 1247 1061 sit,
1278 1016 1329 1062 si,
1353 1028 1469 1067 quem
1490 1016 1536 1054 ad
1557 1027 1646 1054 mo-

238 1073 330 1112 dum
349 1073 394 1118 Q.
412 1072 554 1112 Fabius
577 1085 680 1111 meas
703 1085 764 1111 res
786 1078 913 1123 gestas
934 1073 973 1111 in
990 1072 1174 1123 Hispania
1196 1072 1365 1118 elevavit,
1389 1072 1445 1110 sic
1460 1084 1529 1123 ego
1549 1083 1644 1110 con-

236 1134 295 1168 tra
317 1129 479 1179 gloriam
496 1129 577 1167 eius
595 1129 748 1168 eludere
765 1135 802 1168 et
818 1141 947 1168 meam
963 1129 1088 1167 verbis
1107 1129 1287 1168 extollere
1302 1129 1427 1167 veliin.
1464 1132 1647 1167 neutrum

235 1185 390 1231 faciam,
420 1190 549 1236 patres
572 1186 804 1236 conscripti3
833 1190 888 1232 et,
917 1186 950 1224 si
977 1186 1052 1224 ulla
1081 1185 1152 1224 alia
1173 1197 1231 1231 re,
1261 1185 1452 1224 modestia
1481 1189 1583 1223 certe
1611 1190 1649 1223 et

236 1242 492 1292 temperando
514 1242 664 1292 linguae
685 1241 910 1281 adulescens
933 1254 1066 1281 senem
1088 1241 1228 1280 vicero.
1262 1243 1311 1281 ita
1338 1246 1375 1280 et
1394 1241 1467 1279 vixi
1489 1247 1526 1280 et
1546 1241 1648 1291 gessi

236 1311 320 1343 res,
345 1303 387 1337 ut
406 1298 545 1336 tacitus
568 1312 610 1336 ea
634 1298 838 1349 opinione,
867 1311 983 1349 quam
1004 1303 1130 1337 vestra
1151 1303 1291 1349 sponte
1313 1302 1538 1348 conceptam
1562 1296 1646 1336 ani-

237 1355 312 1393 mis
336 1354 539 1400 haberetis,
559 1355 668 1393 facile
690 1360 896 1394 contentus
919 1358 1094 1393 essem“.

237 1477 316 1508 wir:
335 1487 371 1508 es
389 1477 535 1517 gehiirte,
554 1477 646 1508 h'atte
664 1478 783 1517 geho'rt
799 1496 844 1500 —
861 1478 908 1509 vi-

238 1521 327 1560 deri,
357 1523 433 1553 dass
458 1532 529 1553 inan
555 1524 650 1561 sebe,
677 1523 739 1553 wie
765 1523 909 1553 nachher

238 1567 339 1599 credi.
355 1583 400 1589 ——
417 1566 457 1598 de
469 1565 548 1606 Sic„
568 1578 630 1597 nur
643 1578 695 1598 um
710 1567 787 1607 Sie.,
806 1578 832 1598 s.
852 1567 906 1608 21,

237 1611 415 1652 41‚14.-
430 1623 529 1654 quam
541 1623 604 1643 nos
617 1613 667 1652 z‘t.,
682 1613 739 1644 das
755 1613 849 1652 e.41,
867 1612 906 1644 13

237 1655 451 1688 Befiirchtete
475 1657 557 1688 wird
583 1668 619 1688 so
644 1668 694 1688 um
719 1658 906 1688 sichersten

236 1702 405 1733 vei-hiitet.
431 1721 474 1725 -—
499 1702 635 1744 reliqui,
665 1702 769 1733 soviel
800 1703 905 1734 davon

234 1747 317 1778 noch
335 1747 431 1787 iibrig
448 1748 509 1787 ist,
535 1748 594 1778 der
612 1747 692 1779 Rest
710 1748 905 1786 desselben3

237 1795 369 1823 ceterae
386 1793 531 1832 dagegen
551 1793 645 1824 stellt
665 1793 716 1823 die
736 1791 909 1832 kiinftigen

238 1837 289 1868 als
303 1838 398 1868 einen
412 1838 568 1877 anderen,
583 1838 724 1869 zweiten
737 1837 833 1869 Theil
848 1838 909 1877 den

239 1881 397 1913 friiheren
415 1887 590 1923 entgegen.

287 1927 418 1958 16—18
459 1928 607 1959 Schluss.
624 1929 835 1971 provincias,
870 1927 910 1958 ob

240 1971 357 2003 Italien
383 1973 464 2003 oder
480 1971 590 2004 Africa
616 1974 665 2005 als
684 1974 828 2005 Provinz
853 1973 910 2004 be-

239 2019 364 2049 stimint
382 2018 514 2049 werden
534 2019 608 2057 soll,
628 2030 654 2050 s.
674 2029 701 2049 c.
721 2018 774 2057 38,
796 2019 848 2049 12.
866 2036 911 2040 ——-

239 2062 310 2094 illa:
346 2063 500 2101 dariiber,
524 2064 626 2105 durch
644 2065 730 2094 εί-
747 2063 843 2094 velim
861 2073 914 2094 er-

239 2107 340 2139 kl'art.
359 2109 587 2151 —pert-c’nens
602 2110 656 2150 sit,
671 2109 730 2139 der
742 2109 815 2147 Art,
834 2108 910 2139 dass

241 2163 277 2184 es
302 2154 382 2184 euch
407 2154 574 2193 angeheri,
608 2164 687 2185 eure
713 2153 817 2184 Sache
837 2153 907 2184 sein

240 2198 384 2237 k'onnte3
419 2209 454 2230 es
477 2199 568 2230 wiire
594 2209 655 2229 nur
678 2199 751 2229 eine
769 2200 909 2240 person-

240 2244 325 2274 liche
342 2244 620 2285 Angelegenheit,
640 2245 681 2275 im
699 2243 909 2284 Gegensatze

241 2299 282 2319 zu
298 2289 345 2320 ad
359 2300 429 2321 rem
444 2289 624 2332 publicam,
648 2289 715 2329 vgl.
734 2288 755 2330 ξ
773 2289 807 2320 4:
839 2291 911 2320 sta-

242 2335 304 2366 In‘le
321 2337 382 2373 sz't3
399 2336 430 2375 5,
445 2335 498 2375 34,
513 2335 548 2366 h':
562 2337 726 2366 memoria
739 2336 911 2366 continens

242 2381 305 2418 stt,
339 2379 407 2411 Cic.
433 2380 513 2411 Acd.
545 2380 572 2419 1,
597 2381 627 2420 5,
649 2380 705 2410 19:
740 2379 821 2421 quid
835 2390 912 2411 con-

242 2426 391 2456 sentiens
410 2427 473 2464 sz't3
508 2425 547 2456 de
573 2436 603 2456 n.
627 2425 719 2456 deor.
744 2425 776 2463 2,
801 2426 831 2464 8,
850 2423 911 2463 21;

243 2470 299 2501 22:
318 2470 437 2501 mundi
449 2474 564 2513 partes
583 2473 764 2502 sentientes
781 2472 862 2501 sunt
879 2480 910 2500 u.

243 2524 272 2545 a.
291 2533 335 2537 —
352 2515 497 2555 eludere,
516 2516 616 2546 damit
634 2516 702 2546 sein
719 2515 808 2556 Spiel
829 2515 911 2545 trei-

242 2559 317 2600 ben,
343 2562 558 2602 vcrspottend
576 2561 806 2599 herabsetzen,
829 2569 855 2590 s.
882 2559 910 2599 l,

246 2603 297 2636 30.
316 2605 347 2635 4.
365 2623 407 2627 —
426 2607 457 2636 si
473 2605 541 2636 ulla
557 2616 587 2636 a.
606 2616 653 2646 ν.,
686 2605 817 2636 bezieht
841 2604 909 2635 sich

980 1477 1069 1508 nicht
1086 1475 1144 1508 auf
1158 1477 1287 1519 Scipios
1305 1476 1432 1508 Thaten
1451 1477 1482 1508 in
1502 1477 1645 1518 Spanien

979 1523 1059 1554 oder
1076 1523 1191 1564 spiiter
1208 1524 1238 1554 in
1256 1520 1387 1562 Africa,
1413 1523 1452 1553 da
1470 1522 1543 1553 eine
1562 1521 1647 1553 Ver-

977 1567 1154 1607 gleichung
1176 1568 1236 1599 der
1259 1567 1388 1598 Thaten
1420 1568 1543 1606 gerade
1568 1577 1648 1598 aus-

977 1613 1191 1653 geschlossen
1217 1613 1351 1644 werden
1375 1612 1456 1651 soll,
1491 1612 1648 1651 sondern,

977 1658 1040 1688 wie
1058 1659 1139 1689 auch
1157 1659 1266 1689 vicero
1284 1657 1383 1697 zeigt,
1401 1656 1461 1688 auf
1473 1657 1524 1688 die
1543 1657 1574 1687 in
1589 1657 1650 1687 der

977 1702 1068 1734 Rede
1083 1703 1319 1733 entwickelten
1336 1702 1527 1742 Ansichten,
1546 1701 1649 1733 durch

981 1750 1013 1779 ,ςί
1033 1747 1101 1779 ulla
1124 1747 1167 1779 al.
1190 1748 1274 1779 lasst
1297 1757 1333 1778 es
1356 1748 1416 1778 der
1431 1746 1566 1778 Redner
1589 1747 1650 1778 da-

981 1793 1193 1834 hingestellt,
1217 1792 1257 1823 ob
1276 1793 1377 1823 durch
1395 1792 1486 1824 seine
1505 1790 1651 1824 Ausfiih-

983 1848 1068 1878 rung
1085 1839 1145 1869 der
1163 1837 1297 1878 Gegner
1313 1839 1344 1869 in
1368 1838 1482 1878 irgend
1505 1837 1651 1868 welcher

982 1883 1186 1923 Beziehung,
1220 1883 1269 1914 sei
1293 1893 1329 1914 es
1352 1883 1434 1914 auch
1452 1883 1484 1913 in
1504 1883 1576 1913 dem
1593 1891 1651 1922 ge-

983 1929 1132 1968 ringsten
1155 1928 1300 1967 Punkte,
1334 1927 1559 1959 iiberwunden
1589 1927 1651 1964 sei,

983 1974 1050 2013 vgl.
1074 1974 1101 2013 1,
1119 1973 1172 2012 28,
1190 1973 1229 2011 43
1248 1972 1300 2013 27,
1320 1973 1350 2012 9,
1371 1973 1428 2010 11ς
1448 1971 1515 2003 Cic.
1535 1972 1604 2003 Mil.
1618 1971 1650 2010 4,

985 2019 1019 2049 7:
1044 2021 1076 2050 si
1091 2021 1224 2061 tempus
1247 2017 1354 2049 ullum
1376 2035 1420 2039 ——
1443 2019 1550 2055 certe3
1576 2016 1648 2047 Fin.

983 2063 1013 2102 3,
1033 2062 1063 2103 3,
1086 2063 1143 2101 103
1161 2063 1261 2093 durch
1276 2063 1326 2093 die
1341 2061 1462 2093 Lesart
1473 2061 1607 2093 sz'nulla
1617 2071 1650 2092 α.

982 2118 1021 2140 re
1048 2107 1162 2138 wiirde
1192 2108 1252 2138 der
1279 2107 1355 2138 Fau
1389 2111 1535 2148 gesetzt,
1570 2106 1651 2137 aber

982 2153 1071 2184 nicht
1090 2152 1283 2194 behauptet,
1317 2152 1394 2183 dass
1418 2162 1456 2182 er
1478 2152 1510 2182 in
1534 2151 1651 2182 keiner

981 2198 1171 2237 Beziehung
1199 2197 1320 2228 Fabius
1350 2196 1526 2237 widerlegt
1557 2196 1651 2236 habe,

981 2243 1048 2283 vgl.
1067 2242 1120 2283 30,
1142 2243 1192 2282 12,
1214 2242 1269 2273 16:
1299 2244 1331 2273 si
1345 2242 1437 2274 nulla
1452 2252 1490 2273 re
1503 2241 1571 2273 αἱία
1586 2251 1651 2285 po-

983 2291 1052 2329 tes,
1069 2298 1121 2319 wo
1141 2289 1193 2319 die
1212 2287 1429 2327 Moglichkeit
1446 2288 1522 2318 dass
1540 2297 1576 2317 es
1593 2297 1651 2318 an-

982 2334 1060 2365 dere
1108 2333 1218 2364 Mittel
1264 2332 1346 2372 gebe
1392 2336 1652 2371 vorausgesetzt

982 2379 1077 2419 wird,
1088 2379 1153 2418 vgl.
1165 2377 1251 2419 31,7‚
1261 2378 1279 2408 3
1290 2388 1298 2416 ;
1311 2377 1365 2417 22,
1378 2377 1501 2415 14‚4.-
1511 2379 1648 2419 temper.

982 2424 1131 2465 ling-nae,
1151 2423 1203 2461 35,
1221 2422 1276 2461 48,
1302 2422 1356 2453 11:
1388 2423 1651 2464 intemperantia

982 2469 1130 2510 linguae.
1146 2486 1191 2491 —
1207 2469 1317 2499 vicero
1335 2468 1492 2498 schliesst
1509 2468 1569 2498 den
1586 2466 1650 2498 Er-

982 2512 1051 2554 folg
1075 2514 1142 2544 ein:
1177 2523 1211 2544 es
1235 2513 1318 2543 wird
1342 2512 1409 2543 sich
1435 2514 1566 2551 zeigen,
1600 2512 1651 2542 ihr

982 2559 1112 2590 werdet
1135 2558 1317 2596 urtheilen,
1348 2557 1387 2588 ob
1413 2557 1462 2587 ich
1489 2570 1532 2579 »-
1555 2555 1648 2595 habe,

982 2614 1009 2635 5.
1027 2603 1117 2641 c.43‚
1134 2604 1191 2641 183
1208 2603 1238 2643 8,
1253 2602 1306 2642 33,
1321 2601 1581 2633 8.—-haberetis
1596 2601 1650 2632 hat

1677 799 1716 831 10

1677 1082 1716 1113 15
