<?xml version="1.0" encoding="UTF-8"?>
<!DOCTYPE html PUBLIC "-//W3C//DTD XHTML 1.0 Transitional//EN"
    "http://www.w3.org/TR/xhtml1/DTD/xhtml1-transitional.dtd">
<html xmlns="http://www.w3.org/1999/xhtml" xml:lang="en" lang="en">
 <head>
  <title>
</title>
<meta http-equiv="Content-Type" content="text/html;charset=utf-8" />
  <meta name='ocr-system' content='tesseract 3.04.00' />
  <meta name='ocr-capabilities' content='ocr_page ocr_carea ocr_par ocr_line ocrx_word'/>
</head>
<body>
  <div class='ocr_page' id='page_1' title='image "./aburbeconditalib0506livyuoft_0716.png"; bbox 0 0 1784 2967; ppageno 0'>
   <div class='ocr_carea' id='block_1_1' title="bbox 194 221 332 271">
    <p class='ocr_par' dir='ltr' id='par_1_1' title="bbox 194 221 332 271">
     <span class='ocr_line' id='line_1_1' title="bbox 194 221 332 271; baseline 0.007 -10"><span class='ocrx_word' id='word_1_1' title='bbox 194 266 201 271; x_wconf 79' lang='lat'>.</span> <span class='ocrx_word' id='word_1_2' title='bbox 252 221 332 262; x_wconf 85' lang='lat'><strong>328</strong></span> 
     </span>
    </p>
   </div>
   <div class='ocr_carea' id='block_1_2' title="bbox 182 329 220 362">
    <p class='ocr_par' dir='ltr' id='par_1_2' title="bbox 182 329 220 362">
     <span class='ocr_line' id='line_1_2' title="bbox 182 329 220 362; baseline 0 0"><span class='ocrx_word' id='word_1_3' title='bbox 182 329 220 362; x_wconf 87' lang='lat'>11</span> 
     </span>
    </p>
   </div>
   <div class='ocr_carea' id='block_1_3' title="bbox 698 216 1662 254">
    <p class='ocr_par' dir='ltr' id='par_1_3' title="bbox 698 216 1662 254">
     <span class='ocr_line' id='line_1_3' title="bbox 698 216 1662 254; baseline 0.003 -5"><span class='ocrx_word' id='word_1_4' title='bbox 698 217 824 249; x_wconf 88' lang='lat' dir='ltr'>LIBER</span> <span class='ocrx_word' id='word_1_5' title='bbox 848 216 964 250; x_wconf 87' lang='lat' dir='ltr'><strong>XXX.</strong></span> <span class='ocrx_word' id='word_1_6' title='bbox 1012 217 1102 249; x_wconf 81' lang='lat' dir='ltr'>CAP.</span> <span class='ocrx_word' id='word_1_7' title='bbox 1131 217 1159 248; x_wconf 92' lang='lat'>1.</span> <span class='ocrx_word' id='word_1_8' title='bbox 1180 216 1210 248; x_wconf 88' lang='lat'><strong>2.</strong></span> <span class='ocrx_word' id='word_1_9' title='bbox 1523 226 1662 254; x_wconf 77' lang='lat' dir='ltr'>a.u.551.</span> 
     </span>
    </p>
   </div>
   <div class='ocr_carea' id='block_1_4' title="bbox 251 319 1667 1106">
    <p class='ocr_par' dir='ltr' id='par_1_4' title="bbox 251 319 1667 1106">
     <span class='ocr_line' id='line_1_4' title="bbox 252 319 1664 371; baseline -0.003 -8"><span class='ocrx_word' id='word_1_10' title='bbox 252 324 292 363; x_wconf 90' lang='lat' dir='ltr'>in</span> <span class='ocrx_word' id='word_1_11' title='bbox 314 323 437 363; x_wconf 85' lang='lat' dir='ltr'>Africa</span> <span class='ocrx_word' id='word_1_12' title='bbox 459 322 576 367; x_wconf 85' lang='lat' dir='ltr'>foret,</span> <span class='ocrx_word' id='word_1_13' title='bbox 599 324 852 371; x_wconf 80' lang='lat' dir='ltr'>prorogatum</span> <span class='ocrx_word' id='word_1_14' title='bbox 874 319 1082 371; x_wconf 88' lang='lat' dir='ltr'>imperium</span> <span class='ocrx_word' id='word_1_15' title='bbox 1103 324 1181 365; x_wconf 90' lang='lat' dir='ltr'>est,</span> <span class='ocrx_word' id='word_1_16' title='bbox 1203 319 1487 371; x_wconf 90' lang='lat' dir='ltr'>decretumque,</span> <span class='ocrx_word' id='word_1_17' title='bbox 1509 325 1552 359; x_wconf 91' lang='lat' dir='ltr'>ut</span> <span class='ocrx_word' id='word_1_18' title='bbox 1567 332 1664 371; x_wconf 83' lang='lat' dir='ltr'>sup-</span> 
     </span>
     <span class='ocr_line' id='line_1_5' title="bbox 252 375 1664 431; baseline -0.001 -14"><span class='ocrx_word' id='word_1_19' title='bbox 252 380 406 431; x_wconf 79' lang='lat' dir='ltr'>plicatio</span> <span class='ocrx_word' id='word_1_20' title='bbox 436 380 564 423; x_wconf 81' lang='lat' dir='ltr'>fieret,</span> <span class='ocrx_word' id='word_1_21' title='bbox 593 376 698 427; x_wconf 89' lang='lat' dir='ltr'>quod</span> <span class='ocrx_word' id='word_1_22' title='bbox 728 377 760 414; x_wconf 92' lang='lat' dir='ltr'>is</span> <span class='ocrx_word' id='word_1_23' title='bbox 788 375 827 414; x_wconf 93' lang='lat' dir='ltr'>in</span> <span class='ocrx_word' id='word_1_24' title='bbox 848 376 1015 415; x_wconf 85' lang='lat' dir='ltr'>Africam</span> <span class='ocrx_word' id='word_1_25' title='bbox 1037 376 1276 427; x_wconf 88' lang='lat' dir='ltr'>provinciam</span> <span class='ocrx_word' id='word_1_26' title='bbox 1297 376 1529 423; x_wconf 85' lang='lat' dir='ltr'>traiecisset,</span> <span class='ocrx_word' id='word_1_27' title='bbox 1556 381 1601 416; x_wconf 88' lang='lat' dir='ltr'>ut</span> <span class='ocrx_word' id='word_1_28' title='bbox 1620 389 1664 416; x_wconf 88' lang='grc'>63</span> 
     </span>
     <span class='ocr_line' id='line_1_6' title="bbox 251 432 1636 484; baseline -0.003 -8"><span class='ocrx_word' id='word_1_29' title='bbox 251 449 314 476; x_wconf 88' lang='lat' dir='ltr'>res</span> <span class='ocrx_word' id='word_1_30' title='bbox 336 434 514 474; x_wconf 83' lang='lat' dir='ltr'>salutaris</span> <span class='ocrx_word' id='word_1_31' title='bbox 537 432 681 483; x_wconf 90' lang='lat' dir='ltr'>populo</span> <span class='ocrx_word' id='word_1_32' title='bbox 705 432 882 472; x_wconf 89' lang='lat' dir='ltr'>Romano</span> <span class='ocrx_word' id='word_1_33' title='bbox 902 433 1056 484; x_wconf 82' lang='lat' dir='ltr'>ipsique</span> <span class='ocrx_word' id='word_1_34' title='bbox 1078 433 1165 472; x_wconf 90' lang='lat' dir='ltr'>duci</span> <span class='ocrx_word' id='word_1_35' title='bbox 1187 438 1300 484; x_wconf 79' lang='lat' dir='ltr'>atque</span> <span class='ocrx_word' id='word_1_36' title='bbox 1321 432 1501 472; x_wconf 86' lang='lat' dir='ltr'>exercitui</span> <span class='ocrx_word' id='word_1_37' title='bbox 1522 437 1636 472; x_wconf 85' lang='lat' dir='ltr'>esset.</span> 
     </span>
     <span class='ocr_line' id='line_1_7' title="bbox 364 474 1663 541; baseline -0.001 -12"><span class='ocrx_word' id='word_1_38' title='bbox 364 492 408 529; x_wconf 89' lang='lat' dir='ltr'>In</span> <span class='ocrx_word' id='word_1_39' title='bbox 436 490 603 528; x_wconf 84' lang='lat' dir='ltr'>Siciliam</span> <span class='ocrx_word' id='word_1_40' title='bbox 632 488 705 528; x_wconf 90' lang='lat' dir='ltr'>tria</span> <span class='ocrx_word' id='word_1_41' title='bbox 731 489 847 528; x_wconf 90' lang='lat' dir='ltr'>millia</span> <span class='ocrx_word' id='word_1_42' title='bbox 875 489 1039 529; x_wconf 89' lang='lat' dir='ltr'>militum</span> <span class='ocrx_word' id='word_1_43' title='bbox 1070 494 1161 528; x_wconf 90' lang='lat' dir='ltr'>sunt</span> <span class='ocrx_word' id='word_1_44' title='bbox 1185 489 1347 541; x_wconf 87' lang='lat' dir='ltr'>scripta,</span> <span class='ocrx_word' id='word_1_45' title='bbox 1379 494 1417 528; x_wconf 89' lang='lat' dir='ltr'>et</span> <span class='ocrx_word' id='word_1_46' title='bbox 1444 490 1531 540; x_wconf 88' lang='lat' dir='ltr'>quia</span> <span class='ocrx_word' id='word_1_47' title='bbox 1559 474 1663 541; x_wconf 76' lang='lat' dir='ltr'>qhod</span> 
     </span>
     <span class='ocr_line' id='line_1_8' title="bbox 251 545 1666 597; baseline -0.001 -10"><span class='ocrx_word' id='word_1_48' title='bbox 251 547 407 588; x_wconf 90' lang='lat' dir='ltr'>roboris</span> <span class='ocrx_word' id='word_1_49' title='bbox 430 559 472 585; x_wconf 84' lang='lat' dir='ltr'>ea</span> <span class='ocrx_word' id='word_1_50' title='bbox 493 545 690 597; x_wconf 79' lang='lat' dir='ltr'>provincia</span> <span class='ocrx_word' id='word_1_51' title='bbox 715 545 901 585; x_wconf 80' lang='lat' dir='ltr'><strong>habuerat</strong></span> <span class='ocrx_word' id='word_1_52' title='bbox 920 546 958 584; x_wconf 92' lang='lat' dir='ltr'>in</span> <span class='ocrx_word' id='word_1_53' title='bbox 979 546 1147 585; x_wconf 79' lang='lat' dir='ltr'>Africam</span> <span class='ocrx_word' id='word_1_54' title='bbox 1174 551 1437 585; x_wconf 87' lang='lat' dir='ltr'>transvectum</span> <span class='ocrx_word' id='word_1_55' title='bbox 1458 546 1599 592; x_wconf 81' lang='lat' dir='ltr'>fuerat,</span> <span class='ocrx_word' id='word_1_56' title='bbox 1628 551 1666 585; x_wconf 88' lang='lat' dir='ltr'>et</span> 
     </span>
     <span class='ocr_line' id='line_1_9' title="bbox 253 602 1664 654; baseline 0 -12"><span class='ocrx_word' id='word_1_57' title='bbox 253 604 360 654; x_wconf 89' lang='lat' dir='ltr'>quia,</span> <span class='ocrx_word' id='word_1_58' title='bbox 400 615 447 641; x_wconf 88' lang='lat' dir='ltr'>ne</span> <span class='ocrx_word' id='word_1_59' title='bbox 483 615 557 653; x_wconf 82' lang='lat' dir='ltr'>qua</span> <span class='ocrx_word' id='word_1_60' title='bbox 597 602 729 641; x_wconf 84' lang='lat' dir='ltr'>classis</span> <span class='ocrx_word' id='word_1_61' title='bbox 766 616 809 641; x_wconf 89' lang='lat' dir='ltr'>ex</span> <span class='ocrx_word' id='word_1_62' title='bbox 845 602 970 641; x_wconf 84' lang='lat' dir='ltr'>Africa</span> <span class='ocrx_word' id='word_1_63' title='bbox 1003 603 1182 642; x_wconf 86' lang='lat' dir='ltr'>traiceret</span> <span class='ocrx_word' id='word_1_64' title='bbox 1216 603 1468 654; x_wconf 84' lang='lat' dir='ltr'>quadraginta</span> <span class='ocrx_word' id='word_1_65' title='bbox 1501 603 1664 642; x_wconf 84' lang='lat' dir='ltr'>navibus</span> 
     </span>
     <span class='ocr_line' id='line_1_10' title="bbox 253 659 1664 711; baseline -0.001 -12"><span class='ocrx_word' id='word_1_66' title='bbox 253 659 439 699; x_wconf 89' lang='lat' dir='ltr'>custodiri</span> <span class='ocrx_word' id='word_1_67' title='bbox 476 660 671 711; x_wconf 79' lang='lat' dir='ltr'>placuerat</span> <span class='ocrx_word' id='word_1_68' title='bbox 698 659 846 697; x_wconf 78' lang='lat' dir='ltr'>Siciliae</span> <span class='ocrx_word' id='word_1_69' title='bbox 879 659 1127 698; x_wconf 81' lang='lat' dir='ltr'>maritumam</span> <span class='ocrx_word' id='word_1_70' title='bbox 1165 672 1285 698; x_wconf 82' lang='lat' dir='ltr'>oram.</span> <span class='ocrx_word' id='word_1_71' title='bbox 1327 659 1511 698; x_wconf 80' lang='lat' dir='ltr'>tredecim</span> <span class='ocrx_word' id='word_1_72' title='bbox 1542 671 1664 698; x_wconf 86' lang='lat' dir='ltr'>novas</span> 
     </span>
     <span class='ocr_line' id='line_1_11' title="bbox 252 715 1664 761; baseline 0 -6"><span class='ocrx_word' id='word_1_73' title='bbox 252 729 368 755; x_wconf 85' lang='lat' dir='ltr'>naves</span> <span class='ocrx_word' id='word_1_74' title='bbox 391 716 523 754; x_wconf 85' lang='lat' dir='ltr'>Villius</span> <span class='ocrx_word' id='word_1_75' title='bbox 551 728 682 754; x_wconf 89' lang='lat' dir='ltr'>secum</span> <span class='ocrx_word' id='word_1_76' title='bbox 711 715 749 753; x_wconf 91' lang='lat' dir='ltr'>in</span> <span class='ocrx_word' id='word_1_77' title='bbox 773 715 938 754; x_wconf 83' lang='lat' dir='ltr'>Siciliam</span> <span class='ocrx_word' id='word_1_78' title='bbox 970 716 1096 761; x_wconf 83' lang='lat' dir='ltr'>duxit,</span> <span class='ocrx_word' id='word_1_79' title='bbox 1127 721 1273 755; x_wconf 83' lang='lat' dir='ltr'>ceterae</span> <span class='ocrx_word' id='word_1_80' title='bbox 1304 716 1342 755; x_wconf 92' lang='lat' dir='ltr'>in</span> <span class='ocrx_word' id='word_1_81' title='bbox 1366 717 1494 755; x_wconf 87' lang='lat' dir='ltr'>Sicilia</span> <span class='ocrx_word' id='word_1_82' title='bbox 1515 721 1664 755; x_wconf 87' lang='lat' dir='ltr'>veteres</span> 
     </span>
     <span class='ocr_line' id='line_1_12' title="bbox 252 771 1667 824; baseline -0.001 -12"><span class='ocrx_word' id='word_1_83' title='bbox 252 773 435 812; x_wconf 85' lang='lat' dir='ltr'>refectae:</span> <span class='ocrx_word' id='word_1_84' title='bbox 464 772 553 811; x_wconf 91' lang='lat' dir='ltr'>huic</span> <span class='ocrx_word' id='word_1_85' title='bbox 579 771 691 811; x_wconf 82' lang='lat' dir='ltr'>classi</span> <span class='ocrx_word' id='word_1_86' title='bbox 712 771 765 810; x_wconf 92' lang='lat' dir='ltr'>M.</span> <span class='ocrx_word' id='word_1_87' title='bbox 787 771 1055 823; x_wconf 80' lang='lat' dir='ltr'>Pomponius,</span> <span class='ocrx_word' id='word_1_88' title='bbox 1087 772 1229 822; x_wconf 86' lang='lat' dir='ltr'>prioris</span> <span class='ocrx_word' id='word_1_89' title='bbox 1256 773 1345 811; x_wconf 87' lang='lat' dir='ltr'>anni</span> <span class='ocrx_word' id='word_1_90' title='bbox 1367 778 1540 824; x_wconf 83' lang='lat' dir='ltr'>praetor,</span> <span class='ocrx_word' id='word_1_91' title='bbox 1572 785 1667 823; x_wconf 89' lang='lat' dir='ltr'>pro-</span> 
     </span>
     <span class='ocr_line' id='line_1_13' title="bbox 252 828 1665 880; baseline 0 -12"><span class='ocrx_word' id='word_1_92' title='bbox 252 834 388 880; x_wconf 84' lang='lat' dir='ltr'>rogato</span> <span class='ocrx_word' id='word_1_93' title='bbox 418 829 581 880; x_wconf 88' lang='lat' dir='ltr'>imperio</span> <span class='ocrx_word' id='word_1_94' title='bbox 611 828 859 879; x_wconf 84' lang='lat' dir='ltr'>praepositus</span> <span class='ocrx_word' id='word_1_95' title='bbox 890 840 1014 867; x_wconf 89' lang='lat' dir='ltr'>novos</span> <span class='ocrx_word' id='word_1_96' title='bbox 1043 828 1184 867; x_wconf 88' lang='lat' dir='ltr'>milites</span> <span class='ocrx_word' id='word_1_97' title='bbox 1212 842 1256 868; x_wconf 88' lang='lat' dir='ltr'>ex</span> <span class='ocrx_word' id='word_1_98' title='bbox 1284 830 1389 868; x_wconf 86' lang='lat' dir='ltr'>ltalia</span> <span class='ocrx_word' id='word_1_99' title='bbox 1417 829 1598 868; x_wconf 86' lang='lat' dir='ltr'>advectos</span> <span class='ocrx_word' id='word_1_100' title='bbox 1626 829 1665 868; x_wconf 90' lang='lat' dir='ltr'>in</span> 
     </span>
     <span class='ocr_line' id='line_1_14' title="bbox 252 882 1665 936; baseline -0.001 -11"><span class='ocrx_word' id='word_1_101' title='bbox 252 899 368 925; x_wconf 84' lang='lat' dir='ltr'>naves</span> <span class='ocrx_word' id='word_1_102' title='bbox 396 885 596 936; x_wconf 86' lang='lat' dir='ltr'>imposuit.</span> <span class='ocrx_word' id='word_1_103' title='bbox 614 897 756 936; x_wconf 77' lang='lat' dir='ltr'>parem</span> <span class='ocrx_word' id='word_1_104' title='bbox 784 885 939 923; x_wconf 82' lang='lat' dir='ltr'>navium</span> <span class='ocrx_word' id='word_1_105' title='bbox 969 896 1177 924; x_wconf 90' lang='lat' dir='ltr'>numerum</span> <span class='ocrx_word' id='word_1_106' title='bbox 1200 885 1266 924; x_wconf 90' lang='lat' dir='ltr'>Cn.</span> <span class='ocrx_word' id='word_1_107' title='bbox 1290 886 1467 933; x_wconf 80' lang='lat' dir='ltr'>Octavio,</span> <span class='ocrx_word' id='word_1_108' title='bbox 1497 882 1665 936; x_wconf 81' lang='lat' dir='ltr'>praetori</span> 
     </span>
     <span class='ocr_line' id='line_1_15' title="bbox 254 941 1667 994; baseline 0 -13"><span class='ocrx_word' id='word_1_109' title='bbox 254 944 347 981; x_wconf 86' lang='lat' dir='ltr'>item</span> <span class='ocrx_word' id='word_1_110' title='bbox 380 942 526 994; x_wconf 85' lang='lat' dir='ltr'>prioris</span> <span class='ocrx_word' id='word_1_111' title='bbox 555 942 643 980; x_wconf 81' lang='lat' dir='ltr'>anni</span> <span class='ocrx_word' id='word_1_112' title='bbox 673 954 758 980; x_wconf 89' lang='lat' dir='ltr'>cum</span> <span class='ocrx_word' id='word_1_113' title='bbox 791 941 871 992; x_wconf 87' lang='lat' dir='ltr'>pari</span> <span class='ocrx_word' id='word_1_114' title='bbox 900 942 984 980; x_wconf 88' lang='lat' dir='ltr'>iure</span> <span class='ocrx_word' id='word_1_115' title='bbox 1014 941 1168 992; x_wconf 89' lang='lat' dir='ltr'>imperii</span> <span class='ocrx_word' id='word_1_116' title='bbox 1194 943 1240 981; x_wconf 86' lang='lat' dir='ltr'>ad</span> <span class='ocrx_word' id='word_1_117' title='bbox 1261 943 1445 981; x_wconf 84' lang='lat' dir='ltr'>tuendam</span> <span class='ocrx_word' id='word_1_118' title='bbox 1469 942 1667 981; x_wconf 77' lang='lat' dir='ltr'>Sardiniae</span> 
     </span>
     <span class='ocr_line' id='line_1_16' title="bbox 255 998 1667 1050; baseline -0.001 -12"><span class='ocrx_word' id='word_1_119' title='bbox 255 1011 363 1038; x_wconf 85' lang='lat' dir='ltr'>oram</span> <span class='ocrx_word' id='word_1_120' title='bbox 398 1003 526 1050; x_wconf 82' lang='lat' dir='ltr'>patres</span> <span class='ocrx_word' id='word_1_121' title='bbox 556 999 825 1043; x_wconf 82' lang='lat' dir='ltr'>decreverunt;</span> <span class='ocrx_word' id='word_1_122' title='bbox 852 998 1038 1037; x_wconf 87' lang='lat' dir='ltr'>Lentulus</span> <span class='ocrx_word' id='word_1_123' title='bbox 1069 1003 1224 1049; x_wconf 86' lang='lat' dir='ltr'>praetor</span> <span class='ocrx_word' id='word_1_124' title='bbox 1245 999 1329 1042; x_wconf 53' lang='lat' dir='ltr'>,duo</span> <span class='ocrx_word' id='word_1_125' title='bbox 1357 998 1474 1037; x_wconf 88' lang='lat' dir='ltr'>millia</span> <span class='ocrx_word' id='word_1_126' title='bbox 1502 998 1667 1038; x_wconf 90' lang='lat' dir='ltr'>militum</span> 
     </span>
     <span class='ocr_line' id='line_1_17' title="bbox 254 1054 1666 1106; baseline -0.001 -12"><span class='ocrx_word' id='word_1_127' title='bbox 254 1056 345 1095; x_wconf 85' lang='lat' dir='ltr'>dare</span> <span class='ocrx_word' id='word_1_128' title='bbox 365 1055 404 1094; x_wconf 92' lang='lat' dir='ltr'>in</span> <span class='ocrx_word' id='word_1_129' title='bbox 426 1067 544 1095; x_wconf 77' lang='lat' dir='ltr'>naves</span> <span class='ocrx_word' id='word_1_130' title='bbox 566 1055 710 1094; x_wconf 87' lang='lat' dir='ltr'>iussus.</span> <span class='ocrx_word' id='word_1_131' title='bbox 752 1060 789 1093; x_wconf 91' lang='lat' dir='ltr'>et</span> <span class='ocrx_word' id='word_1_132' title='bbox 805 1054 931 1094; x_wconf 82' lang='lat' dir='ltr'>Italiae</span> <span class='ocrx_word' id='word_1_133' title='bbox 954 1067 1032 1101; x_wconf 84' lang='lat' dir='ltr'>ora,</span> <span class='ocrx_word' id='word_1_134' title='bbox 1051 1054 1138 1106; x_wconf 82' lang='lat' dir='ltr'>quia</span> <span class='ocrx_word' id='word_1_135' title='bbox 1157 1055 1344 1095; x_wconf 88' lang='lat' dir='ltr'>incertum</span> <span class='ocrx_word' id='word_1_136' title='bbox 1364 1061 1456 1101; x_wconf 87' lang='lat' dir='ltr'>erat,</span> <span class='ocrx_word' id='word_1_137' title='bbox 1475 1067 1551 1106; x_wconf 90' lang='lat' dir='ltr'>quo</span> <span class='ocrx_word' id='word_1_138' title='bbox 1569 1054 1666 1094; x_wconf 90' lang='lat' dir='ltr'>mis-</span> 
     </span>
    </p>
   </div>
   <div class='ocr_carea' id='block_1_5' title="bbox 252 1155 931 2282">
    <p class='ocr_par' dir='ltr' id='par_1_5' title="bbox 252 1155 931 2282">
     <span class='ocr_line' id='line_1_18' title="bbox 253 1155 925 1200; baseline -0.003 -12"><span class='ocrx_word' id='word_1_139' title='bbox 253 1156 391 1198; x_wconf 74' lang='lat' dir='ltr'>aliquod</span> <span class='ocrx_word' id='word_1_140' title='bbox 410 1157 471 1189; x_wconf 81' lang='lat' dir='ltr'>sed</span> <span class='ocrx_word' id='word_1_141' title='bbox 490 1159 674 1200; x_wconf 70' lang='lat' dir='ltr'>perpetuae</span> <span class='ocrx_word' id='word_1_142' title='bbox 690 1155 867 1195; x_wconf 73' lang='lat' dir='ltr'>utz&#39;litatis3</span> <span class='ocrx_word' id='word_1_143' title='bbox 895 1155 925 1197; x_wconf 84' lang='lat'>2,</span> 
     </span>
     <span class='ocr_line' id='line_1_19' title="bbox 254 1201 926 1244; baseline 0 -12"><span class='ocrx_word' id='word_1_144' title='bbox 254 1202 310 1242; x_wconf 77' lang='lat'><strong>42,</strong></span> <span class='ocrx_word' id='word_1_145' title='bbox 336 1202 372 1241; x_wconf 82' lang='lat'>73</span> <span class='ocrx_word' id='word_1_146' title='bbox 401 1201 431 1242; x_wconf 87' lang='grc'>8,</span> <span class='ocrx_word' id='word_1_147' title='bbox 456 1202 509 1242; x_wconf 91' lang='grc'>23,</span> <span class='ocrx_word' id='word_1_148' title='bbox 531 1202 586 1232; x_wconf 83' lang='grc'>12;</span> <span class='ocrx_word' id='word_1_149' title='bbox 611 1212 672 1244; x_wconf 80' lang='lat' dir='ltr'>pro</span> <span class='ocrx_word' id='word_1_150' title='bbox 696 1201 831 1233; x_wconf 77' lang='lat' dir='ltr'>consule</span> <span class='ocrx_word' id='word_1_151' title='bbox 853 1211 926 1233; x_wconf 79' lang='lat' dir='ltr'>rem</span> 
     </span>
     <span class='ocr_line' id='line_1_20' title="bbox 252 1246 925 1288; baseline -0.003 -9"><span class='ocrx_word' id='word_1_152' title='bbox 252 1249 402 1288; x_wconf 68' lang='lat' dir='ltr'>gereret,</span> <span class='ocrx_word' id='word_1_153' title='bbox 420 1247 530 1288; x_wconf 76' lang='lat' dir='ltr'>quoad</span> <span class='ocrx_word' id='word_1_154' title='bbox 545 1246 744 1279; x_wconf 70' lang='lat' dir='ltr'>debellatum</span> <span class='ocrx_word' id='word_1_155' title='bbox 762 1265 805 1268; x_wconf 95' lang='lat'>—</span> <span class='ocrx_word' id='word_1_156' title='bbox 818 1249 925 1285; x_wconf 71' lang='lat' dir='ltr'>esset,</span> 
     </span>
     <span class='ocr_line' id='line_1_21' title="bbox 256 1291 926 1332; baseline 0 -9"><span class='ocrx_word' id='word_1_157' title='bbox 256 1292 310 1332; x_wconf 79' lang='lat'><strong>27,</strong></span> <span class='ocrx_word' id='word_1_158' title='bbox 331 1293 360 1331; x_wconf 81' lang='lat'><strong>7,</strong></span> <span class='ocrx_word' id='word_1_159' title='bbox 382 1292 570 1324; x_wconf 77' lang='lat'>17:720112&#39;71</span> <span class='ocrx_word' id='word_1_160' title='bbox 589 1302 716 1323; x_wconf 73' lang='lat' dir='ltr'>annum</span> <span class='ocrx_word' id='word_1_161' title='bbox 732 1309 776 1313; x_wconf 87' lang='lat'>—</span> <span class='ocrx_word' id='word_1_162' title='bbox 793 1291 854 1323; x_wconf 79' lang='lat' dir='ltr'>sed</span> <span class='ocrx_word' id='word_1_163' title='bbox 865 1291 926 1323; x_wconf 89' lang='lat' dir='ltr'>do-</span> 
     </span>
     <span class='ocr_line' id='line_1_22' title="bbox 254 1337 924 1377; baseline 0 -9"><span class='ocrx_word' id='word_1_164' title='bbox 254 1347 314 1368; x_wconf 84' lang='lat' dir='ltr'>nee</span> <span class='ocrx_word' id='word_1_165' title='bbox 338 1340 488 1369; x_wconf 72' lang='lat' dir='ltr'>revocati</span> <span class='ocrx_word' id='word_1_166' title='bbox 509 1348 530 1369; x_wconf 88' lang='grc' dir='ltr'><em>α</em></span> <span class='ocrx_word' id='word_1_167' title='bbox 555 1339 675 1368; x_wconf 70' lang='lat' dir='ltr'>senatu</span> <span class='ocrx_word' id='word_1_168' title='bbox 695 1337 831 1377; x_wconf 79' lang='lat' dir='ltr'>forent,</span> <span class='ocrx_word' id='word_1_169' title='bbox 857 1337 924 1377; x_wconf 85' lang='lat' dir='ltr'>vgl.</span> 
     </span>
     <span class='ocr_line' id='line_1_23' title="bbox 257 1382 927 1423; baseline 0.003 -11"><span class='ocrx_word' id='word_1_170' title='bbox 257 1382 316 1422; x_wconf 86' lang='lat'><strong>30,</strong></span> <span class='ocrx_word' id='word_1_171' title='bbox 336 1382 390 1421; x_wconf 86' lang='grc'>28,</span> <span class='ocrx_word' id='word_1_172' title='bbox 409 1382 443 1414; x_wconf 85' lang='grc'>8;</span> <span class='ocrx_word' id='word_1_173' title='bbox 466 1385 499 1414; x_wconf 81' lang='lat' dir='ltr'>in</span> <span class='ocrx_word' id='word_1_174' title='bbox 524 1382 651 1415; x_wconf 70' lang='lat' dir='ltr'>nullam</span> <span class='ocrx_word' id='word_1_175' title='bbox 674 1383 840 1423; x_wconf 83' lang='lat' dir='ltr'>—finem</span> <span class='ocrx_word' id='word_1_176' title='bbox 861 1393 927 1423; x_wconf 72' lang='lat' dir='ltr'>ge-</span> 
     </span>
     <span class='ocr_line' id='line_1_24' title="bbox 256 1427 927 1469; baseline -0.003 -10"><span class='ocrx_word' id='word_1_177' title='bbox 256 1438 334 1460; x_wconf 79' lang='lat' dir='ltr'>rere</span> <span class='ocrx_word' id='word_1_178' title='bbox 353 1427 509 1466; x_wconf 72' lang='lat' dir='ltr'>(bellam).</span> <span class='ocrx_word' id='word_1_179' title='bbox 540 1428 642 1469; x_wconf 79' lang='lat' dir='ltr'>finem</span> <span class='ocrx_word' id='word_1_180' title='bbox 661 1428 691 1458; x_wconf 90' lang='lat' dir='ltr'>in</span> <span class='ocrx_word' id='word_1_181' title='bbox 711 1427 927 1467; x_wconf 84' lang='lat' dir='ltr'>Verbindung</span> 
     </span>
     <span class='ocr_line' id='line_1_25' title="bbox 257 1472 925 1515; baseline -0.001 -11"><span class='ocrx_word' id='word_1_182' title='bbox 257 1474 315 1504; x_wconf 87' lang='lat' dir='ltr'>mit</span> <span class='ocrx_word' id='word_1_183' title='bbox 330 1475 462 1515; x_wconf 77' lang='lat' dir='ltr'>tempus</span> <span class='ocrx_word' id='word_1_184' title='bbox 478 1474 606 1504; x_wconf 82' lang='lat' dir='ltr'>scheint</span> <span class='ocrx_word' id='word_1_185' title='bbox 620 1484 659 1503; x_wconf 87' lang='lat' dir='ltr'>zu</span> <span class='ocrx_word' id='word_1_186' title='bbox 675 1472 854 1503; x_wconf 83' lang='lat' dir='ltr'>bedenten:</span> <span class='ocrx_word' id='word_1_187' title='bbox 873 1473 925 1503; x_wconf 86' lang='lat' dir='ltr'>ein</span> 
     </span>
     <span class='ocr_line' id='line_1_26' title="bbox 256 1517 924 1557; baseline 0.001 -10"><span class='ocrx_word' id='word_1_188' title='bbox 256 1518 498 1549; x_wconf 76' lang='lat' dir='ltr'>beschr&#39;anktes</span> <span class='ocrx_word' id='word_1_189' title='bbox 525 1518 630 1556; x_wconf 78' lang='lat' dir='ltr'>Mass,</span> <span class='ocrx_word' id='word_1_190' title='bbox 666 1517 732 1556; x_wconf 83' lang='lat' dir='ltr'>vgl.</span> <span class='ocrx_word' id='word_1_191' title='bbox 754 1517 784 1556; x_wconf 83' lang='lat'><strong>9,</strong></span> <span class='ocrx_word' id='word_1_192' title='bbox 810 1517 863 1557; x_wconf 98' lang='lat'>26,</span> <span class='ocrx_word' id='word_1_193' title='bbox 889 1517 924 1548; x_wconf 90' lang='lat'>9:</span> 
     </span>
     <span class='ocr_line' id='line_1_27' title="bbox 256 1562 925 1605; baseline 0 -12"><span class='ocrx_word' id='word_1_194' title='bbox 256 1563 408 1605; x_wconf 72' lang='lat' dir='ltr'>sinefine</span> <span class='ocrx_word' id='word_1_195' title='bbox 424 1563 501 1601; x_wconf 75' lang='lat' dir='ltr'>ullo,</span> <span class='ocrx_word' id='word_1_196' title='bbox 520 1563 563 1593; x_wconf 88' lang='lat' dir='ltr'>ib.</span> <span class='ocrx_word' id='word_1_197' title='bbox 580 1562 632 1599; x_wconf 85' lang='lat'>33,</span> <span class='ocrx_word' id='word_1_198' title='bbox 647 1562 833 1604; x_wconf 74' lang='lat' dir='ltr'>4:fl121‘tztm</span> <span class='ocrx_word' id='word_1_199' title='bbox 850 1573 925 1593; x_wconf 75' lang='lat' dir='ltr'>een-</span> 
     </span>
     <span class='ocr_line' id='line_1_28' title="bbox 257 1607 924 1651; baseline -0.003 -12"><span class='ocrx_word' id='word_1_200' title='bbox 257 1618 361 1640; x_wconf 76' lang='lat' dir='ltr'>surae</span> <span class='ocrx_word' id='word_1_201' title='bbox 374 1610 524 1651; x_wconf 78' lang='lat' dir='ltr'>spatium</span> <span class='ocrx_word' id='word_1_202' title='bbox 538 1609 717 1650; x_wconf 75' lang='lat' dir='ltr'>temporz&#39;s3</span> <span class='ocrx_word' id='word_1_203' title='bbox 738 1607 779 1637; x_wconf 90' lang='lat' dir='ltr'>ib.</span> <span class='ocrx_word' id='word_1_204' title='bbox 795 1607 848 1646; x_wconf 79' lang='lat'><strong>34,</strong></span> <span class='ocrx_word' id='word_1_205' title='bbox 868 1607 924 1645; x_wconf 77' lang='lat'>153</span> 
     </span>
     <span class='ocr_line' id='line_1_29' title="bbox 256 1651 927 1695; baseline -0.003 -11"><span class='ocrx_word' id='word_1_206' title='bbox 256 1653 315 1684; x_wconf 91' lang='lat' dir='ltr'>mit</span> <span class='ocrx_word' id='word_1_207' title='bbox 339 1655 390 1685; x_wconf 81' lang='lat' dir='ltr'>rei</span> <span class='ocrx_word' id='word_1_208' title='bbox 408 1652 566 1695; x_wconf 46' lang='lat' dir='ltr'>gerenda</span> <span class='ocrx_word' id='word_1_209' title='bbox 592 1654 649 1683; x_wconf 82' lang='grc'>(135</span> <span class='ocrx_word' id='word_1_210' title='bbox 674 1652 777 1683; x_wconf 85' lang='grc' dir='ltr'>Εη(16.</span> <span class='ocrx_word' id='word_1_211' title='bbox 818 1651 927 1684; x_wconf 84' lang='lat' dir='ltr'>Ueber</span> 
     </span>
     <span class='ocr_line' id='line_1_30' title="bbox 258 1697 927 1729; baseline -0.003 0"><span class='ocrx_word' id='word_1_212' title='bbox 258 1699 319 1729; x_wconf 89' lang='lat' dir='ltr'>den</span> <span class='ocrx_word' id='word_1_213' title='bbox 341 1697 514 1729; x_wconf 81' lang='lat' dir='ltr'>Gebrauch</span> <span class='ocrx_word' id='word_1_214' title='bbox 533 1698 625 1728; x_wconf 87' lang='lat' dir='ltr'>eines</span> <span class='ocrx_word' id='word_1_215' title='bbox 643 1697 783 1728; x_wconf 81' lang='lat' dir='ltr'>Wortes</span> <span class='ocrx_word' id='word_1_216' title='bbox 802 1698 831 1727; x_wconf 92' lang='lat' dir='ltr'>in</span> <span class='ocrx_word' id='word_1_217' title='bbox 851 1707 927 1728; x_wconf 88' lang='lat' dir='ltr'>ver-</span> 
     </span>
     <span class='ocr_line' id='line_1_31' title="bbox 259 1742 928 1782; baseline -0.001 -9"><span class='ocrx_word' id='word_1_218' title='bbox 259 1743 456 1774; x_wconf 83' lang='lat' dir='ltr'>schiedener</span> <span class='ocrx_word' id='word_1_219' title='bbox 476 1743 667 1782; x_wconf 82' lang='lat' dir='ltr'>ssedeutung</span> <span class='ocrx_word' id='word_1_220' title='bbox 690 1742 741 1773; x_wconf 85' lang='lat' dir='ltr'>bei</span> <span class='ocrx_word' id='word_1_221' title='bbox 759 1742 928 1773; x_wconf 78' lang='lat' dir='ltr'>verschie-</span> 
     </span>
     <span class='ocr_line' id='line_1_32' title="bbox 259 1787 927 1827; baseline 0 -8"><span class='ocrx_word' id='word_1_222' title='bbox 259 1789 362 1819; x_wconf 83' lang='lat' dir='ltr'>dener</span> <span class='ocrx_word' id='word_1_223' title='bbox 390 1789 580 1827; x_wconf 82' lang='lat' dir='ltr'>Beziehung</span> <span class='ocrx_word' id='word_1_224' title='bbox 610 1798 637 1819; x_wconf 93' lang='grc'>5.</span> <span class='ocrx_word' id='word_1_225' title='bbox 664 1787 694 1825; x_wconf 85' lang='grc'>4,</span> <span class='ocrx_word' id='word_1_226' title='bbox 721 1787 773 1827; x_wconf 82' lang='grc'>58,</span> <span class='ocrx_word' id='word_1_227' title='bbox 796 1789 832 1818; x_wconf 83' lang='lat'>9:</span> <span class='ocrx_word' id='word_1_228' title='bbox 862 1787 927 1819; x_wconf 74' lang='lat' dir='ltr'>duo</span> 
     </span>
     <span class='ocr_line' id='line_1_33' title="bbox 257 1833 929 1876; baseline -0.003 -11"><span class='ocrx_word' id='word_1_229' title='bbox 257 1833 430 1876; x_wconf 81' lang='lat' dir='ltr'>praesidia</span> <span class='ocrx_word' id='word_1_230' title='bbox 459 1833 628 1864; x_wconf 78' lang='lat' dir='ltr'>occidione</span> <span class='ocrx_word' id='word_1_231' title='bbox 656 1833 767 1863; x_wconf 71' lang='lat' dir='ltr'>occisa</span> <span class='ocrx_word' id='word_1_232' title='bbox 795 1835 827 1863; x_wconf 83' lang='lat' dir='ltr'>et</span> <span class='ocrx_word' id='word_1_233' title='bbox 852 1842 929 1864; x_wconf 75' lang='lat' dir='ltr'>cum</span> 
     </span>
     <span class='ocr_line' id='line_1_34' title="bbox 257 1876 926 1921; baseline -0.001 -11"><span class='ocrx_word' id='word_1_234' title='bbox 257 1879 407 1921; x_wconf 81' lang='lat' dir='ltr'>periculo</span> <span class='ocrx_word' id='word_1_235' title='bbox 432 1880 589 1916; x_wconf 52' lang='lat' dir='ltr'>retinere}</span> <span class='ocrx_word' id='word_1_236' title='bbox 617 1878 670 1917; x_wconf 77' lang='lat'><strong>25,</strong></span> <span class='ocrx_word' id='word_1_237' title='bbox 690 1876 742 1915; x_wconf 93' lang='lat'>22,</span> <span class='ocrx_word' id='word_1_238' title='bbox 761 1878 798 1916; x_wconf 71' lang='grc' dir='ltr'>ὃς</span> <span class='ocrx_word' id='word_1_239' title='bbox 826 1876 880 1917; x_wconf 80' lang='grc'>27,</span> <span class='ocrx_word' id='word_1_240' title='bbox 895 1879 926 1917; x_wconf 89' lang='grc'>5,</span> 
     </span>
     <span class='ocr_line' id='line_1_35' title="bbox 263 1922 927 1966; baseline -0.002 -11"><span class='ocrx_word' id='word_1_241' title='bbox 263 1924 303 1954; x_wconf 72' lang='lat'>14</span> <span class='ocrx_word' id='word_1_242' title='bbox 321 1935 352 1955; x_wconf 92' lang='lat' dir='ltr'>u.</span> <span class='ocrx_word' id='word_1_243' title='bbox 370 1934 419 1962; x_wconf 80' lang='lat' dir='ltr'>a.;</span> <span class='ocrx_word' id='word_1_244' title='bbox 443 1926 477 1955; x_wconf 78' lang='lat' dir='ltr'>in</span> <span class='ocrx_word' id='word_1_245' title='bbox 497 1924 660 1966; x_wconf 79' lang='lat' dir='ltr'>temporis</span> <span class='ocrx_word' id='word_1_246' title='bbox 674 1922 794 1964; x_wconf 82' lang='lat' dir='ltr'>finem,</span> <span class='ocrx_word' id='word_1_247' title='bbox 814 1923 880 1962; x_wconf 80' lang='lat' dir='ltr'>vgl.</span> <span class='ocrx_word' id='word_1_248' title='bbox 899 1933 927 1954; x_wconf 84' lang='lat' dir='ltr'>e.</span> 
     </span>
     <span class='ocr_line' id='line_1_36' title="bbox 262 1968 930 2010; baseline -0.003 -10"><span class='ocrx_word' id='word_1_249' title='bbox 262 1968 314 2009; x_wconf 84' lang='grc'>28,</span> <span class='ocrx_word' id='word_1_250' title='bbox 340 1970 374 2000; x_wconf 79' lang='lat' dir='ltr'>S:</span> <span class='ocrx_word' id='word_1_251' title='bbox 398 1970 433 2000; x_wconf 80' lang='lat' dir='ltr'>in</span> <span class='ocrx_word' id='word_1_252' title='bbox 458 1969 588 2001; x_wconf 73' lang='lat' dir='ltr'>nullum</span> <span class='ocrx_word' id='word_1_253' title='bbox 606 1969 779 2010; x_wconf 42' lang='lat' dir='ltr'>*—finem,</span> <span class='ocrx_word' id='word_1_254' title='bbox 807 1968 850 1999; x_wconf 84' lang='lat' dir='ltr'>ist</span> <span class='ocrx_word' id='word_1_255' title='bbox 872 1978 930 2007; x_wconf 81' lang='lat' dir='ltr'>ge-</span> 
     </span>
     <span class='ocr_line' id='line_1_37' title="bbox 261 2015 930 2057; baseline -0.001 -12"><span class='ocrx_word' id='word_1_256' title='bbox 261 2019 335 2054; x_wconf 83' lang='lat' dir='ltr'>sagt</span> <span class='ocrx_word' id='word_1_257' title='bbox 352 2015 415 2045; x_wconf 86' lang='lat' dir='ltr'>wie</span> <span class='ocrx_word' id='word_1_258' title='bbox 434 2020 528 2045; x_wconf 86' lang='lat' dir='ltr'>sonst</span> <span class='ocrx_word' id='word_1_259' title='bbox 544 2016 577 2045; x_wconf 76' lang='lat' dir='ltr'>in</span> <span class='ocrx_word' id='word_1_260' title='bbox 594 2016 737 2057; x_wconf 68' lang='lat' dir='ltr'>tcmpzzS,</span> <span class='ocrx_word' id='word_1_261' title='bbox 754 2015 786 2045; x_wconf 82' lang='lat' dir='ltr'>in</span> <span class='ocrx_word' id='word_1_262' title='bbox 801 2024 930 2044; x_wconf 70' lang='lat' dir='ltr'>armum</span> 
     </span>
     <span class='ocr_line' id='line_1_38' title="bbox 261 2058 929 2099; baseline -0.001 -9"><span class='ocrx_word' id='word_1_263' title='bbox 261 2071 292 2090; x_wconf 94' lang='lat' dir='ltr'>u.</span> <span class='ocrx_word' id='word_1_264' title='bbox 311 2069 340 2090; x_wconf 83' lang='lat' dir='ltr'>a.</span> <span class='ocrx_word' id='word_1_265' title='bbox 374 2059 464 2090; x_wconf 78' lang='lat' dir='ltr'>Doch</span> <span class='ocrx_word' id='word_1_266' title='bbox 479 2060 560 2099; x_wconf 81' lang='lat' dir='ltr'>liegt</span> <span class='ocrx_word' id='word_1_267' title='bbox 575 2059 665 2090; x_wconf 83' lang='lat' dir='ltr'>viell.</span> <span class='ocrx_word' id='word_1_268' title='bbox 680 2059 761 2089; x_wconf 83' lang='lat' dir='ltr'>noch</span> <span class='ocrx_word' id='word_1_269' title='bbox 776 2059 827 2089; x_wconf 86' lang='lat' dir='ltr'>ein</span> <span class='ocrx_word' id='word_1_270' title='bbox 843 2058 929 2089; x_wconf 87' lang='lat' dir='ltr'>Feh-</span> 
     </span>
     <span class='ocr_line' id='line_1_39' title="bbox 262 2103 930 2144; baseline -0.001 -9"><span class='ocrx_word' id='word_1_271' title='bbox 262 2105 312 2135; x_wconf 81' lang='lat' dir='ltr'>let·</span> <span class='ocrx_word' id='word_1_272' title='bbox 329 2105 360 2135; x_wconf 90' lang='lat' dir='ltr'>in</span> <span class='ocrx_word' id='word_1_273' title='bbox 376 2105 435 2135; x_wconf 87' lang='lat' dir='ltr'>der</span> <span class='ocrx_word' id='word_1_274' title='bbox 449 2104 566 2144; x_wconf 79' lang='lat' dir='ltr'>stelle,</span> <span class='ocrx_word' id='word_1_275' title='bbox 585 2104 623 2134; x_wconf 81' lang='lat' dir='ltr'>da</span> <span class='ocrx_word' id='word_1_276' title='bbox 639 2104 689 2134; x_wconf 86' lang='lat' dir='ltr'>die</span> <span class='ocrx_word' id='word_1_277' title='bbox 705 2104 778 2134; x_wconf 82' lang='lat' dir='ltr'>Hss.</span> <span class='ocrx_word' id='word_1_278' title='bbox 793 2105 824 2135; x_wconf 77' lang='lat' dir='ltr'>in</span> <span class='ocrx_word' id='word_1_279' title='bbox 841 2103 930 2134; x_wconf 85' lang='lat' dir='ltr'>nicht</span> 
     </span>
     <span class='ocr_line' id='line_1_40' title="bbox 262 2148 930 2189; baseline 0 -9"><span class='ocrx_word' id='word_1_280' title='bbox 262 2149 384 2188; x_wconf 73' lang='lat' dir='ltr'>haben,</span> <span class='ocrx_word' id='word_1_281' title='bbox 412 2150 444 2180; x_wconf 88' lang='lat' dir='ltr'>in</span> <span class='ocrx_word' id='word_1_282' title='bbox 465 2150 524 2181; x_wconf 85' lang='lat' dir='ltr'>der</span> <span class='ocrx_word' id='word_1_283' title='bbox 540 2149 788 2189; x_wconf 70' lang='lat' dir='ltr'>gewohnlichen</span> <span class='ocrx_word' id='word_1_284' title='bbox 808 2148 930 2180; x_wconf 81' lang='lat' dir='ltr'>Lesart</span> 
     </span>
     <span class='ocr_line' id='line_1_41' title="bbox 262 2194 928 2238; baseline -0.003 -12"><span class='ocrx_word' id='word_1_285' title='bbox 262 2206 326 2226; x_wconf 80' lang='lat' dir='ltr'>non</span> <span class='ocrx_word' id='word_1_286' title='bbox 342 2194 632 2238; x_wconf 73' lang='lat' dir='ltr'>temporis—fine</span> <span class='ocrx_word' id='word_1_287' title='bbox 645 2194 773 2225; x_wconf 84' lang='lat' dir='ltr'>scheint</span> <span class='ocrx_word' id='word_1_288' title='bbox 787 2194 846 2224; x_wconf 83' lang='lat' dir='ltr'>der</span> <span class='ocrx_word' id='word_1_289' title='bbox 854 2194 928 2225; x_wconf 84' lang='lat' dir='ltr'>Abl.</span> 
     </span>
     <span class='ocr_line' id='line_1_42' title="bbox 264 2240 931 2282; baseline 0 -12"><span class='ocrx_word' id='word_1_290' title='bbox 264 2240 353 2271; x_wconf 81' lang='lat' dir='ltr'>nicht</span> <span class='ocrx_word' id='word_1_291' title='bbox 367 2251 407 2270; x_wconf 83' lang='lat' dir='ltr'>zu</span> <span class='ocrx_word' id='word_1_292' title='bbox 421 2243 648 2282; x_wconf 66' lang='lat' dir='ltr'>prorogatzmz</span> <span class='ocrx_word' id='word_1_293' title='bbox 660 2241 738 2282; x_wconf 82' lang='lat' dir='ltr'>imp.</span> <span class='ocrx_word' id='word_1_294' title='bbox 750 2242 800 2270; x_wconf 80' lang='lat' dir='ltr'>est</span> <span class='ocrx_word' id='word_1_295' title='bbox 808 2250 848 2270; x_wconf 94' lang='lat' dir='ltr'>zu</span> <span class='ocrx_word' id='word_1_296' title='bbox 858 2249 931 2281; x_wconf 84' lang='lat' dir='ltr'>pas-</span> 
     </span>
    </p>
   </div>
   <div class='ocr_carea' id='block_1_6' title="bbox 264 2284 933 2326">
    <p class='ocr_par' dir='ltr' id='par_1_6' title="bbox 264 2284 933 2326">
     <span class='ocr_line' id='line_1_43' title="bbox 264 2284 933 2326; baseline 0 -11"><span class='ocrx_word' id='word_1_297' title='bbox 264 2295 338 2323; x_wconf 77' lang='lat' dir='ltr'>sen3</span> <span class='ocrx_word' id='word_1_298' title='bbox 355 2285 384 2325; x_wconf 90' lang='grc'>4,</span> <span class='ocrx_word' id='word_1_299' title='bbox 401 2286 454 2325; x_wconf 77' lang='lat'>54,</span> <span class='ocrx_word' id='word_1_300' title='bbox 470 2285 506 2324; x_wconf 74' lang='lat'>63</span> <span class='ocrx_word' id='word_1_301' title='bbox 522 2284 698 2326; x_wconf 79' lang='lat' dir='ltr'>Quintil.2,</span> <span class='ocrx_word' id='word_1_302' title='bbox 714 2284 766 2324; x_wconf 87' lang='lat'>21,</span> <span class='ocrx_word' id='word_1_303' title='bbox 781 2284 815 2315; x_wconf 87' lang='lat'>3:</span> <span class='ocrx_word' id='word_1_304' title='bbox 828 2285 933 2325; x_wconf 78' lang='lat' dir='ltr'>forti-</span> 
     </span>
    </p>
   </div>
   <div class='ocr_carea' id='block_1_7' title="bbox 256 2329 932 2686">
    <p class='ocr_par' dir='ltr' id='par_1_7' title="bbox 256 2329 932 2686">
     <span class='ocr_line' id='line_1_44' title="bbox 264 2329 932 2371; baseline 0.001 -11"><span class='ocrx_word' id='word_1_305' title='bbox 264 2329 344 2361; x_wconf 73' lang='lat' dir='ltr'>tudo</span> <span class='ocrx_word' id='word_1_306' title='bbox 363 2333 567 2361; x_wconf 65' lang='lat' dir='ltr'>continentia</span> <span class='ocrx_word' id='word_1_307' title='bbox 580 2331 724 2371; x_wconf 76' lang='lat' dir='ltr'>snofine</span> <span class='ocrx_word' id='word_1_308' title='bbox 737 2329 932 2371; x_wconf 62' lang='lat' dir='ltr'>intellegun-</span> 
     </span>
     <span class='ocr_line' id='line_1_45' title="bbox 265 2375 931 2407; baseline 0.002 -2"><span class='ocrx_word' id='word_1_309' title='bbox 265 2378 321 2407; x_wconf 77' lang='lat' dir='ltr'>tm·</span> <span class='ocrx_word' id='word_1_310' title='bbox 338 2385 369 2406; x_wconf 92' lang='lat' dir='ltr'>u.</span> <span class='ocrx_word' id='word_1_311' title='bbox 388 2385 418 2406; x_wconf 81' lang='lat' dir='ltr'>a</span> <span class='ocrx_word' id='word_1_312' title='bbox 437 2376 507 2406; x_wconf 91' lang='lat' dir='ltr'>sind</span> <span class='ocrx_word' id='word_1_313' title='bbox 526 2376 669 2406; x_wconf 75' lang='lat' dir='ltr'>auderet·</span> <span class='ocrx_word' id='word_1_314' title='bbox 682 2375 753 2406; x_wconf 87' lang='lat' dir='ltr'>Art.</span> <span class='ocrx_word' id='word_1_315' title='bbox 771 2393 814 2397; x_wconf 92' lang='lat'>-—</span> <span class='ocrx_word' id='word_1_316' title='bbox 828 2375 931 2406; x_wconf 76' lang='lat' dir='ltr'>donec</span> 
     </span>
     <span class='ocr_line' id='line_1_46' title="bbox 265 2420 931 2461; baseline -0.002 -10"><span class='ocrx_word' id='word_1_317' title='bbox 265 2420 429 2461; x_wconf 77' lang='lat' dir='ltr'>—foret</span> <span class='ocrx_word' id='word_1_318' title='bbox 464 2421 506 2451; x_wconf 80' lang='lat' dir='ltr'>ist</span> <span class='ocrx_word' id='word_1_319' title='bbox 537 2421 725 2460; x_wconf 72' lang='lat' dir='ltr'>Erkliirung</span> <span class='ocrx_word' id='word_1_320' title='bbox 755 2421 812 2451; x_wconf 86' lang='lat' dir='ltr'>des</span> <span class='ocrx_word' id='word_1_321' title='bbox 843 2420 931 2450; x_wconf 87' lang='lat' dir='ltr'>nicht</span> 
     </span>
     <span class='ocr_line' id='line_1_47' title="bbox 264 2466 929 2506; baseline 0.002 -11"><span class='ocrx_word' id='word_1_322' title='bbox 264 2475 346 2503; x_wconf 74' lang='lat' dir='ltr'>ganz</span> <span class='ocrx_word' id='word_1_323' title='bbox 372 2466 486 2496; x_wconf 76' lang='lat' dir='ltr'>klaren</span> <span class='ocrx_word' id='word_1_324' title='bbox 506 2466 666 2505; x_wconf 69' lang='lat' dir='ltr'>ssegriffes</span> <span class='ocrx_word' id='word_1_325' title='bbox 691 2466 721 2496; x_wconf 89' lang='lat' dir='ltr'>in</span> <span class='ocrx_word' id='word_1_326' title='bbox 739 2467 772 2496; x_wconf 70' lang='lat' dir='ltr'>in</span> <span class='ocrx_word' id='word_1_327' title='bbox 790 2467 843 2497; x_wconf 71' lang='lat' dir='ltr'>rei</span> <span class='ocrx_word' id='word_1_328' title='bbox 855 2475 929 2506; x_wconf 74' lang='lat' dir='ltr'>ger.</span> 
     </span>
     <span class='ocr_line' id='line_1_48' title="bbox 256 2510 932 2551; baseline 0.001 -11"><span class='ocrx_word' id='word_1_329' title='bbox 256 2510 381 2551; x_wconf 79' lang='lat' dir='ltr'>finem:</span> <span class='ocrx_word' id='word_1_330' title='bbox 398 2511 449 2541; x_wconf 83' lang='lat' dir='ltr'>die</span> <span class='ocrx_word' id='word_1_331' title='bbox 461 2511 671 2551; x_wconf 78' lang='lat' dir='ltr'>Bcendigung</span> <span class='ocrx_word' id='word_1_332' title='bbox 685 2512 742 2542; x_wconf 78' lang='lat' dir='ltr'>der</span> <span class='ocrx_word' id='word_1_333' title='bbox 757 2511 819 2541; x_wconf 81' lang='lat' dir='ltr'>ihm</span> <span class='ocrx_word' id='word_1_334' title='bbox 835 2510 932 2541; x_wconf 80' lang='lat' dir='ltr'>iiber-</span> 
     </span>
     <span class='ocr_line' id='line_1_49' title="bbox 266 2555 932 2599; baseline 0.005 -15"><span class='ocrx_word' id='word_1_335' title='bbox 266 2559 425 2593; x_wconf 72' lang='lat' dir='ltr'>tragenen</span> <span class='ocrx_word' id='word_1_336' title='bbox 449 2555 609 2599; x_wconf 59' lang='lat' dir='ltr'>Aufgnbe,</span> <span class='ocrx_word' id='word_1_337' title='bbox 635 2557 691 2587; x_wconf 80' lang='lat' dir='ltr'>des</span> <span class='ocrx_word' id='word_1_338' title='bbox 717 2555 868 2595; x_wconf 80' lang='lat' dir='ltr'>Hrieges.</span> <span class='ocrx_word' id='word_1_339' title='bbox 888 2574 932 2578; x_wconf 91' lang='lat'>—</span> 
     </span>
     <span class='ocr_line' id='line_1_50' title="bbox 268 2600 924 2642; baseline 0.003 -13"><span class='ocrx_word' id='word_1_340' title='bbox 268 2610 306 2629; x_wconf 80' lang='lat' dir='ltr'>ea</span> <span class='ocrx_word' id='word_1_341' title='bbox 324 2610 379 2631; x_wconf 74' lang='lat' dir='ltr'>res</span> <span class='ocrx_word' id='word_1_342' title='bbox 397 2601 440 2631; x_wconf 83' lang='lat' dir='ltr'>ist</span> <span class='ocrx_word' id='word_1_343' title='bbox 456 2602 518 2631; x_wconf 82' lang='lat' dir='ltr'>wie</span> <span class='ocrx_word' id='word_1_344' title='bbox 538 2606 631 2632; x_wconf 79' lang='lat' dir='ltr'>sonst</span> <span class='ocrx_word' id='word_1_345' title='bbox 648 2601 684 2632; x_wconf 73' lang='lat' dir='ltr'>id</span> <span class='ocrx_word' id='word_1_346' title='bbox 698 2600 757 2632; x_wconf 82' lang='lat' dir='ltr'>auf</span> <span class='ocrx_word' id='word_1_347' title='bbox 770 2601 859 2642; x_wconf 71' lang='lat' dir='ltr'>quod</span> <span class='ocrx_word' id='word_1_348' title='bbox 875 2601 924 2632; x_wconf 84' lang='lat' dir='ltr'>be-</span> 
     </span>
     <span class='ocr_line' id='line_1_51' title="bbox 269 2645 930 2686; baseline 0.006 -13"><span class='ocrx_word' id='word_1_349' title='bbox 269 2653 385 2684; x_wconf 74' lang='lat' dir='ltr'>zogen,</span> <span class='ocrx_word' id='word_1_350' title='bbox 405 2655 430 2676; x_wconf 90' lang='grc'>5.</span> <span class='ocrx_word' id='word_1_351' title='bbox 449 2645 501 2686; x_wconf 86' lang='grc'>36,</span> <span class='ocrx_word' id='word_1_352' title='bbox 524 2646 549 2685; x_wconf 86' lang='grc'>1,</span> <span class='ocrx_word' id='word_1_353' title='bbox 570 2646 605 2680; x_wconf 81' lang='grc'>2;</span> <span class='ocrx_word' id='word_1_354' title='bbox 632 2657 692 2677; x_wconf 86' lang='lat' dir='ltr'>zur</span> <span class='ocrx_word' id='word_1_355' title='bbox 711 2646 814 2677; x_wconf 75' lang='lat' dir='ltr'>Sache</span> <span class='ocrx_word' id='word_1_356' title='bbox 833 2657 859 2677; x_wconf 80' lang='lat' dir='ltr'>s.</span> <span class='ocrx_word' id='word_1_357' title='bbox 876 2645 930 2686; x_wconf 91' lang='lat'>29,</span> 
     </span>
    </p>
   </div>
   <div class='ocr_carea' id='block_1_8' title="bbox 999 1155 1666 1241">
    <p class='ocr_par' dir='ltr' id='par_1_8' title="bbox 999 1155 1666 1241">
     <span class='ocr_line' id='line_1_52' title="bbox 999 1155 1666 1232; baseline 0.001 -46"><span class='ocrx_word' id='word_1_358' title='bbox 999 1155 1053 1232; x_wconf 57' lang='lat'>22,</span> <span class='ocrx_word' id='word_1_359' title='bbox 1073 1155 1141 1231; x_wconf 86' lang='grc'>512.</span> <span class='ocrx_word' id='word_1_360' title='bbox 1166 1173 1211 1178; x_wconf 86' lang='lat'><strong>—</strong></span> <span class='ocrx_word' id='word_1_361' title='bbox 1231 1166 1310 1199; x_wconf 84' lang='lat' dir='ltr'>pop.</span> <span class='ocrx_word' id='word_1_362' title='bbox 1341 1155 1380 1188; x_wconf 80' lang='lat' dir='ltr'>R.</span> <span class='ocrx_word' id='word_1_363' title='bbox 1413 1166 1439 1188; x_wconf 86' lang='lat' dir='ltr'>c.</span> <span class='ocrx_word' id='word_1_364' title='bbox 1474 1155 1518 1197; x_wconf 86' lang='lat' dir='ltr'><strong>d.,</strong></span> <span class='ocrx_word' id='word_1_365' title='bbox 1552 1167 1579 1188; x_wconf 91' lang='lat' dir='ltr'>s.</span> <span class='ocrx_word' id='word_1_366' title='bbox 1612 1155 1666 1196; x_wconf 86' lang='lat'><strong>29,</strong></span> 
     </span>
     <span class='ocr_line' id='line_1_53' title="bbox 1046 1225 1104 1241; baseline 0 -10"><span class='ocrx_word' id='word_1_367' title='bbox 1046 1225 1054 1241; x_wconf 93' lang='lat'><strong>,</strong></span> <span class='ocrx_word' id='word_1_368' title='bbox 1097 1225 1104 1231; x_wconf 93' lang='lat'><em>.</em></span> 
     </span>
    </p>
   </div>
   <div class='ocr_carea' id='block_1_9' title="bbox 998 1284 1671 2686">
    <p class='ocr_par' dir='ltr' id='par_1_9' title="bbox 998 1284 1671 2232">
     <span class='ocr_line' id='line_1_54' title="bbox 1045 1284 1668 1332; baseline 0.002 -11"><span class='ocrx_word' id='word_1_369' title='bbox 1045 1284 1088 1323; x_wconf 71' lang='lat'><strong>2.</strong></span> <span class='ocrx_word' id='word_1_370' title='bbox 1122 1289 1232 1321; x_wconf 84' lang='lat'>1—3.</span> <span class='ocrx_word' id='word_1_371' title='bbox 1262 1290 1352 1332; x_wconf 81' lang='lat' dir='ltr'>quod</span> <span class='ocrx_word' id='word_1_372' title='bbox 1373 1292 1444 1323; x_wconf 81' lang='lat' dir='ltr'>rob.</span> <span class='ocrx_word' id='word_1_373' title='bbox 1467 1295 1531 1323; x_wconf 85' lang='lat' dir='ltr'>etc.</span> <span class='ocrx_word' id='word_1_374' title='bbox 1561 1301 1587 1322; x_wconf 93' lang='lat' dir='ltr'>s.</span> <span class='ocrx_word' id='word_1_375' title='bbox 1613 1291 1668 1331; x_wconf 92' lang='lat'>29,</span> 
     </span>
     <span class='ocr_line' id='line_1_55' title="bbox 999 1334 1668 1378; baseline 0.001 -12"><span class='ocrx_word' id='word_1_376' title='bbox 999 1335 1053 1375; x_wconf 83' lang='lat'><strong>24,</strong></span> <span class='ocrx_word' id='word_1_377' title='bbox 1075 1334 1124 1366; x_wconf 84' lang='lat'><strong>12.</strong></span> <span class='ocrx_word' id='word_1_378' title='bbox 1142 1353 1186 1358; x_wconf 84' lang='lat'><strong>—</strong></span> <span class='ocrx_word' id='word_1_379' title='bbox 1203 1338 1236 1367; x_wconf 77' lang='lat' dir='ltr'>et</span> <span class='ocrx_word' id='word_1_380' title='bbox 1252 1338 1330 1377; x_wconf 79' lang='lat' dir='ltr'>quia</span> <span class='ocrx_word' id='word_1_381' title='bbox 1345 1337 1522 1378; x_wconf 74' lang='lat' dir='ltr'>—szcerat</span> <span class='ocrx_word' id='word_1_382' title='bbox 1537 1337 1581 1368; x_wconf 87' lang='lat' dir='ltr'>ist</span> <span class='ocrx_word' id='word_1_383' title='bbox 1598 1336 1668 1367; x_wconf 88' lang='lat' dir='ltr'>bei-</span> 
     </span>
     <span class='ocr_line' id='line_1_56' title="bbox 1000 1381 1667 1422; baseline 0.001 -10"><span class='ocrx_word' id='word_1_384' title='bbox 1000 1385 1083 1412; x_wconf 86' lang='lat' dir='ltr'>statt</span> <span class='ocrx_word' id='word_1_385' title='bbox 1106 1382 1384 1420; x_wconf 79' lang='lat' dir='ltr'>untergeordnet:</span> <span class='ocrx_word' id='word_1_386' title='bbox 1409 1382 1486 1413; x_wconf 86' lang='lat' dir='ltr'>weil</span> <span class='ocrx_word' id='word_1_387' title='bbox 1510 1392 1599 1422; x_wconf 83' lang='lat' dir='ltr'>man,</span> <span class='ocrx_word' id='word_1_388' title='bbox 1626 1381 1667 1413; x_wconf 82' lang='lat' dir='ltr'>da</span> 
     </span>
     <span class='ocr_line' id='line_1_57' title="bbox 998 1425 1666 1466; baseline 0.003 -10"><span class='ocrx_word' id='word_1_389' title='bbox 998 1444 1042 1448; x_wconf 86' lang='lat'>-—</span> <span class='ocrx_word' id='word_1_390' title='bbox 1059 1425 1277 1466; x_wconf 77' lang='lat' dir='ltr'>iibergesetzt</span> <span class='ocrx_word' id='word_1_391' title='bbox 1293 1436 1374 1465; x_wconf 85' lang='lat' dir='ltr'>war,</span> <span class='ocrx_word' id='word_1_392' title='bbox 1393 1426 1490 1458; x_wconf 87' lang='lat' dir='ltr'>keine</span> <span class='ocrx_word' id='word_1_393' title='bbox 1508 1427 1666 1458; x_wconf 84' lang='lat' dir='ltr'>Soldaten</span> 
     </span>
     <span class='ocr_line' id='line_1_58' title="bbox 998 1471 1666 1509; baseline 0.001 -7"><span class='ocrx_word' id='word_1_394' title='bbox 998 1471 1089 1502; x_wconf 85' lang='lat' dir='ltr'>hatte</span> <span class='ocrx_word' id='word_1_395' title='bbox 1104 1472 1155 1502; x_wconf 89' lang='lat' dir='ltr'>die</span> <span class='ocrx_word' id='word_1_396' title='bbox 1173 1471 1285 1503; x_wconf 86' lang='lat' dir='ltr'>Flotte</span> <span class='ocrx_word' id='word_1_397' title='bbox 1305 1483 1345 1503; x_wconf 90' lang='lat' dir='ltr'>zu</span> <span class='ocrx_word' id='word_1_398' title='bbox 1365 1472 1562 1509; x_wconf 85' lang='lat' dir='ltr'>bemannen;</span> <span class='ocrx_word' id='word_1_399' title='bbox 1583 1473 1666 1503; x_wconf 77' lang='lat' dir='ltr'>(leun</span> 
     </span>
     <span class='ocr_line' id='line_1_59' title="bbox 999 1515 1668 1550; baseline 0.003 -4"><span class='ocrx_word' id='word_1_400' title='bbox 999 1516 1059 1546; x_wconf 80' lang='lat' dir='ltr'>der</span> <span class='ocrx_word' id='word_1_401' title='bbox 1085 1515 1259 1548; x_wconf 76' lang='lat' dir='ltr'>Gedanke:</span> <span class='ocrx_word' id='word_1_402' title='bbox 1283 1527 1355 1548; x_wconf 82' lang='lat' dir='ltr'>man</span> <span class='ocrx_word' id='word_1_403' title='bbox 1380 1516 1532 1549; x_wconf 79' lang='lat' dir='ltr'>bedurfte</span> <span class='ocrx_word' id='word_1_404' title='bbox 1550 1517 1668 1550; x_wconf 83' lang='lat' dir='ltr'>Mann—</span> 
     </span>
     <span class='ocr_line' id='line_1_60' title="bbox 999 1559 1668 1594; baseline 0.004 -3"><span class='ocrx_word' id='word_1_405' title='bbox 999 1560 1106 1591; x_wconf 82' lang='lat' dir='ltr'>schaft</span> <span class='ocrx_word' id='word_1_406' title='bbox 1119 1559 1172 1592; x_wconf 86' lang='lat' dir='ltr'>fiir</span> <span class='ocrx_word' id='word_1_407' title='bbox 1186 1562 1238 1592; x_wconf 89' lang='lat' dir='ltr'>die</span> <span class='ocrx_word' id='word_1_408' title='bbox 1248 1562 1328 1592; x_wconf 82' lang='lat' dir='ltr'>nach</span> <span class='ocrx_word' id='word_1_409' title='bbox 1338 1562 1470 1594; x_wconf 88' lang='lat' dir='ltr'>Sicilien</span> <span class='ocrx_word' id='word_1_410' title='bbox 1480 1563 1668 1594; x_wconf 84' lang='lat' dir='ltr'>bestimmte</span> 
     </span>
     <span class='ocr_line' id='line_1_61' title="bbox 999 1605 1670 1647; baseline 0.004 -11"><span class='ocrx_word' id='word_1_411' title='bbox 999 1605 1129 1645; x_wconf 83' lang='lat' dir='ltr'>Flotte,</span> <span class='ocrx_word' id='word_1_412' title='bbox 1149 1616 1174 1637; x_wconf 88' lang='lat' dir='ltr'>s.</span> <span class='ocrx_word' id='word_1_413' title='bbox 1195 1606 1212 1647; x_wconf 66' lang='grc' dir='ltr'>ξ</span> <span class='ocrx_word' id='word_1_414' title='bbox 1232 1605 1262 1646; x_wconf 88' lang='grc'>6,</span> <span class='ocrx_word' id='word_1_415' title='bbox 1281 1607 1325 1637; x_wconf 82' lang='lat' dir='ltr'>ist</span> <span class='ocrx_word' id='word_1_416' title='bbox 1343 1618 1383 1638; x_wconf 90' lang='lat' dir='ltr'>zu</span> <span class='ocrx_word' id='word_1_417' title='bbox 1402 1608 1474 1638; x_wconf 79' lang='lat' dir='ltr'>dein</span> <span class='ocrx_word' id='word_1_418' title='bbox 1493 1608 1611 1639; x_wconf 84' lang='lat' dir='ltr'>Satze:</span> <span class='ocrx_word' id='word_1_419' title='bbox 1637 1610 1670 1639; x_wconf 80' lang='lat' dir='ltr'>et</span> 
     </span>
     <span class='ocr_line' id='line_1_62' title="bbox 999 1652 1667 1692; baseline 0.001 -10"><span class='ocrx_word' id='word_1_420' title='bbox 999 1652 1077 1692; x_wconf 79' lang='lat' dir='ltr'>quia</span> <span class='ocrx_word' id='word_1_421' title='bbox 1098 1662 1140 1682; x_wconf 80' lang='lat' dir='ltr'>ne</span> <span class='ocrx_word' id='word_1_422' title='bbox 1163 1662 1228 1692; x_wconf 77' lang='lat' dir='ltr'>qna</span> <span class='ocrx_word' id='word_1_423' title='bbox 1249 1669 1294 1674; x_wconf 85' lang='lat'>—</span> <span class='ocrx_word' id='word_1_424' title='bbox 1313 1662 1424 1692; x_wconf 79' lang='lat' dir='ltr'>oram,</span> <span class='ocrx_word' id='word_1_425' title='bbox 1448 1653 1508 1683; x_wconf 86' lang='lat' dir='ltr'>der</span> <span class='ocrx_word' id='word_1_426' title='bbox 1532 1662 1572 1683; x_wconf 81' lang='lat' dir='ltr'>an</span> <span class='ocrx_word' id='word_1_427' title='bbox 1597 1653 1667 1683; x_wconf 81' lang='lat' dir='ltr'>sicli</span> 
     </span>
     <span class='ocr_line' id='line_1_63' title="bbox 999 1695 1670 1738; baseline 0.003 -12"><span class='ocrx_word' id='word_1_428' title='bbox 999 1695 1118 1726; x_wconf 87' lang='lat' dir='ltr'>keinen</span> <span class='ocrx_word' id='word_1_429' title='bbox 1150 1695 1262 1727; x_wconf 88' lang='lat' dir='ltr'>Grund</span> <span class='ocrx_word' id='word_1_430' title='bbox 1298 1698 1358 1728; x_wconf 90' lang='lat' dir='ltr'>der</span> <span class='ocrx_word' id='word_1_431' title='bbox 1387 1698 1588 1738; x_wconf 86' lang='lat' dir='ltr'>Aushebung</span> <span class='ocrx_word' id='word_1_432' title='bbox 1616 1695 1670 1728; x_wconf 80' lang='lat' dir='ltr'>fiir</span> 
     </span>
     <span class='ocr_line' id='line_1_64' title="bbox 1000 1740 1670 1781; baseline 0.004 -10"><span class='ocrx_word' id='word_1_433' title='bbox 1000 1740 1133 1772; x_wconf 86' lang='lat' dir='ltr'>Sicilien</span> <span class='ocrx_word' id='word_1_434' title='bbox 1153 1741 1296 1781; x_wconf 59' lang='lat' dir='ltr'>enthiilt,</span> <span class='ocrx_word' id='word_1_435' title='bbox 1315 1742 1601 1774; x_wconf 85' lang='lat' dir='ltr'>hinzuzudenken.</span> <span class='ocrx_word' id='word_1_436' title='bbox 1637 1745 1670 1774; x_wconf 78' lang='lat' dir='ltr'>et</span> 
     </span>
     <span class='ocr_line' id='line_1_65' title="bbox 1000 1786 1670 1830; baseline 0.004 -13"><span class='ocrx_word' id='word_1_437' title='bbox 1000 1788 1078 1828; x_wconf 80' lang='lat' dir='ltr'>quia</span> <span class='ocrx_word' id='word_1_438' title='bbox 1094 1797 1136 1817; x_wconf 79' lang='lat' dir='ltr'>ne</span> <span class='ocrx_word' id='word_1_439' title='bbox 1153 1797 1218 1828; x_wconf 76' lang='lat' dir='ltr'>qua</span> <span class='ocrx_word' id='word_1_440' title='bbox 1235 1786 1366 1819; x_wconf 71' lang='lat' dir='ltr'>classis.</span> <span class='ocrx_word' id='word_1_441' title='bbox 1384 1806 1428 1810; x_wconf 92' lang='lat'>—</span> <span class='ocrx_word' id='word_1_442' title='bbox 1445 1791 1574 1819; x_wconf 81' lang='lat' dir='ltr'>ceterae</span> <span class='ocrx_word' id='word_1_443' title='bbox 1590 1788 1670 1830; x_wconf 63' lang='lat' dir='ltr'>ref„</span> 
     </span>
     <span class='ocr_line' id='line_1_66' title="bbox 1000 1830 1670 1870; baseline 0.003 -8"><span class='ocrx_word' id='word_1_444' title='bbox 1000 1832 1081 1862; x_wconf 86' lang='lat' dir='ltr'>nach</span> <span class='ocrx_word' id='word_1_445' title='bbox 1107 1830 1160 1870; x_wconf 84' lang='grc'>28,</span> <span class='ocrx_word' id='word_1_446' title='bbox 1182 1832 1221 1862; x_wconf 90' lang='grc'>10</span> <span class='ocrx_word' id='word_1_447' title='bbox 1240 1832 1311 1863; x_wconf 88' lang='lat' dir='ltr'>sind</span> <span class='ocrx_word' id='word_1_448' title='bbox 1330 1832 1371 1863; x_wconf 88' lang='grc'>30</span> <span class='ocrx_word' id='word_1_449' title='bbox 1390 1832 1510 1864; x_wconf 87' lang='lat' dir='ltr'>Schiffe</span> <span class='ocrx_word' id='word_1_450' title='bbox 1529 1834 1559 1864; x_wconf 94' lang='lat' dir='ltr'>in</span> <span class='ocrx_word' id='word_1_451' title='bbox 1586 1833 1670 1864; x_wconf 88' lang='lat' dir='ltr'>Sici-</span> 
     </span>
     <span class='ocr_line' id='line_1_67' title="bbox 1000 1876 1671 1921; baseline 0.003 -14"><span class='ocrx_word' id='word_1_452' title='bbox 1000 1876 1066 1907; x_wconf 88' lang='lat' dir='ltr'>lieu</span> <span class='ocrx_word' id='word_1_453' title='bbox 1081 1876 1273 1916; x_wconf 71' lang='lat' dir='ltr'>geblieben,</span> <span class='ocrx_word' id='word_1_454' title='bbox 1289 1877 1370 1908; x_wconf 84' lang='lat' dir='ltr'>aber</span> <span class='ocrx_word' id='word_1_455' title='bbox 1384 1879 1482 1909; x_wconf 87' lang='lat' dir='ltr'>schon</span> <span class='ocrx_word' id='word_1_456' title='bbox 1493 1878 1601 1921; x_wconf 90' lang='lat' dir='ltr'>Scipio</span> <span class='ocrx_word' id='word_1_457' title='bbox 1615 1879 1671 1909; x_wconf 84' lang='lat' dir='ltr'>hat</span> 
     </span>
     <span class='ocr_line' id='line_1_68' title="bbox 1002 1921 1669 1961; baseline 0.004 -9"><span class='ocrx_word' id='word_1_458' title='bbox 1002 1922 1062 1960; x_wconf 87' lang='grc'>516,</span> <span class='ocrx_word' id='word_1_459' title='bbox 1087 1931 1112 1952; x_wconf 88' lang='grc'>5.</span> <span class='ocrx_word' id='word_1_460' title='bbox 1130 1921 1184 1959; x_wconf 87' lang='lat'>29,</span> <span class='ocrx_word' id='word_1_461' title='bbox 1206 1922 1232 1961; x_wconf 83' lang='lat'>1,</span> <span class='ocrx_word' id='word_1_462' title='bbox 1255 1922 1305 1961; x_wconf 79' lang='lat'>14,</span> <span class='ocrx_word' id='word_1_463' title='bbox 1330 1923 1531 1955; x_wconf 85' lang='lat' dir='ltr'>ausbessern</span> <span class='ocrx_word' id='word_1_464' title='bbox 1556 1924 1669 1955; x_wconf 79' lang='lat' dir='ltr'>lassen</span> 
     </span>
     <span class='ocr_line' id='line_1_69' title="bbox 1000 1966 1668 2009; baseline 0.004 -12"><span class='ocrx_word' id='word_1_465' title='bbox 1000 1967 1065 1998; x_wconf 92' lang='lat' dir='ltr'>und</span> <span class='ocrx_word' id='word_1_466' title='bbox 1084 1977 1156 1998; x_wconf 89' lang='lat' dir='ltr'>zum</span> <span class='ocrx_word' id='word_1_467' title='bbox 1176 1966 1288 2007; x_wconf 84' lang='lat' dir='ltr'>Theil,</span> <span class='ocrx_word' id='word_1_468' title='bbox 1308 1969 1374 2008; x_wconf 87' lang='lat' dir='ltr'>vgl.</span> <span class='ocrx_word' id='word_1_469' title='bbox 1394 1968 1451 2009; x_wconf 88' lang='grc'>28,</span> <span class='ocrx_word' id='word_1_470' title='bbox 1476 1969 1529 2008; x_wconf 80' lang='grc'>46,</span> <span class='ocrx_word' id='word_1_471' title='bbox 1550 1969 1586 2007; x_wconf 79' lang='lat'>13</span> <span class='ocrx_word' id='word_1_472' title='bbox 1614 1968 1668 2009; x_wconf 91' lang='lat'>29,</span> 
     </span>
     <span class='ocr_line' id='line_1_70' title="bbox 1002 2010 1668 2054; baseline 0 -11"><span class='ocrx_word' id='word_1_473' title='bbox 1002 2012 1055 2051; x_wconf 83' lang='lat'><strong>25,</strong></span> <span class='ocrx_word' id='word_1_474' title='bbox 1077 2010 1138 2052; x_wconf 87' lang='lat' dir='ltr'><strong>9f.,</strong></span> <span class='ocrx_word' id='word_1_475' title='bbox 1158 2012 1217 2043; x_wconf 89' lang='lat' dir='ltr'>mit</span> <span class='ocrx_word' id='word_1_476' title='bbox 1234 2013 1315 2044; x_wconf 88' lang='lat' dir='ltr'>nach</span> <span class='ocrx_word' id='word_1_477' title='bbox 1333 2012 1446 2044; x_wconf 83' lang='lat' dir='ltr'>Africa</span> <span class='ocrx_word' id='word_1_478' title='bbox 1464 2023 1668 2054; x_wconf 81' lang='lat' dir='ltr'>genommen.</span> 
     </span>
     <span class='ocr_line' id='line_1_71' title="bbox 1001 2056 1670 2099; baseline 0.001 -12"><span class='ocrx_word' id='word_1_479' title='bbox 1001 2056 1289 2088; x_wconf 73' lang='lat' dir='ltr'>Wahrscheinlich</span> <span class='ocrx_word' id='word_1_480' title='bbox 1318 2059 1373 2089; x_wconf 82' lang='lat' dir='ltr'>hat</span> <span class='ocrx_word' id='word_1_481' title='bbox 1396 2058 1432 2090; x_wconf 94' lang='lat' dir='ltr'>L.</span> <span class='ocrx_word' id='word_1_482' title='bbox 1460 2059 1514 2099; x_wconf 80' lang='grc'>28,</span> <span class='ocrx_word' id='word_1_483' title='bbox 1537 2059 1579 2089; x_wconf 82' lang='grc'>45</span> <span class='ocrx_word' id='word_1_484' title='bbox 1604 2058 1670 2089; x_wconf 88' lang='lat' dir='ltr'>und</span> 
     </span>
     <span class='ocr_line' id='line_1_72' title="bbox 1003 2101 1669 2142; baseline 0.002 -10"><span class='ocrx_word' id='word_1_485' title='bbox 1003 2102 1056 2142; x_wconf 84' lang='lat'>29,</span> <span class='ocrx_word' id='word_1_486' title='bbox 1073 2101 1112 2132; x_wconf 89' lang='lat'>13</span> <span class='ocrx_word' id='word_1_487' title='bbox 1128 2102 1178 2132; x_wconf 83' lang='lat' dir='ltr'>die</span> <span class='ocrx_word' id='word_1_488' title='bbox 1188 2102 1385 2134; x_wconf 84' lang='lat' dir='ltr'>Beschliisse</span> <span class='ocrx_word' id='word_1_489' title='bbox 1399 2104 1482 2135; x_wconf 85' lang='lat' dir='ltr'>iiber</span> <span class='ocrx_word' id='word_1_490' title='bbox 1495 2104 1546 2135; x_wconf 85' lang='lat' dir='ltr'>die</span> <span class='ocrx_word' id='word_1_491' title='bbox 1556 2103 1669 2135; x_wconf 82' lang='lat' dir='ltr'>Flotte</span> 
     </span>
     <span class='ocr_line' id='line_1_73' title="bbox 1002 2147 1669 2189; baseline 0.001 -12"><span class='ocrx_word' id='word_1_492' title='bbox 1002 2147 1228 2186; x_wconf 81' lang='lat' dir='ltr'>iibergangen.</span> <span class='ocrx_word' id='word_1_493' title='bbox 1251 2165 1296 2170; x_wconf 91' lang='lat'>—</span> <span class='ocrx_word' id='word_1_494' title='bbox 1320 2150 1353 2179; x_wconf 76' lang='lat' dir='ltr'>in</span> <span class='ocrx_word' id='word_1_495' title='bbox 1376 2159 1470 2189; x_wconf 59' lang='lat' dir='ltr'>nain,</span> <span class='ocrx_word' id='word_1_496' title='bbox 1496 2159 1521 2180; x_wconf 90' lang='grc'>5.</span> <span class='ocrx_word' id='word_1_497' title='bbox 1541 2148 1595 2189; x_wconf 89' lang='lat'>22,</span> <span class='ocrx_word' id='word_1_498' title='bbox 1617 2148 1669 2179; x_wconf 87' lang='lat'>11.</span> 
     </span>
     <span class='ocr_line' id='line_1_74' title="bbox 1003 2191 1244 2232; baseline 0 -10"><span class='ocrx_word' id='word_1_499' title='bbox 1003 2192 1041 2231; x_wconf 81' lang='lat'>93</span> <span class='ocrx_word' id='word_1_500' title='bbox 1068 2191 1121 2232; x_wconf 89' lang='grc'>26,</span> <span class='ocrx_word' id='word_1_501' title='bbox 1140 2192 1192 2230; x_wconf 80' lang='grc'>48,</span> <span class='ocrx_word' id='word_1_502' title='bbox 1213 2192 1244 2223; x_wconf 90' lang='grc'>6.</span> 
     </span>
    </p>

    <p class='ocr_par' dir='ltr' id='par_1_10' title="bbox 1002 2236 1671 2686">
     <span class='ocr_line' id='line_1_75' title="bbox 1049 2236 1669 2279; baseline 0.005 -12"><span class='ocrx_word' id='word_1_503' title='bbox 1049 2236 1160 2269; x_wconf 80' lang='grc'>4-6.</span> <span class='ocrx_word' id='word_1_504' title='bbox 1190 2237 1338 2278; x_wconf 70' lang='lat' dir='ltr'>Octavio,</span> <span class='ocrx_word' id='word_1_505' title='bbox 1364 2248 1423 2270; x_wconf 81' lang='lat' dir='ltr'>aus</span> <span class='ocrx_word' id='word_1_506' title='bbox 1448 2238 1501 2278; x_wconf 87' lang='grc'>28,</span> <span class='ocrx_word' id='word_1_507' title='bbox 1527 2239 1579 2279; x_wconf 87' lang='grc'>38,</span> <span class='ocrx_word' id='word_1_508' title='bbox 1604 2239 1669 2279; x_wconf 87' lang='lat' dir='ltr'>vgl.</span> 
     </span>
     <span class='ocr_line' id='line_1_76' title="bbox 1005 2282 1671 2323; baseline 0.006 -11"><span class='ocrx_word' id='word_1_509' title='bbox 1005 2282 1057 2321; x_wconf 88' lang='lat'>29,</span> <span class='ocrx_word' id='word_1_510' title='bbox 1084 2282 1135 2322; x_wconf 87' lang='lat'>13,</span> <span class='ocrx_word' id='word_1_511' title='bbox 1153 2283 1233 2322; x_wconf 78' lang='lat' dir='ltr'>geht</span> <span class='ocrx_word' id='word_1_512' title='bbox 1256 2283 1392 2323; x_wconf 82' lang='lat' dir='ltr'>hervor,</span> <span class='ocrx_word' id='word_1_513' title='bbox 1418 2284 1494 2315; x_wconf 82' lang='lat' dir='ltr'>dass</span> <span class='ocrx_word' id='word_1_514' title='bbox 1513 2284 1586 2316; x_wconf 87' lang='lat' dir='ltr'>Oct.</span> <span class='ocrx_word' id='word_1_515' title='bbox 1610 2285 1671 2315; x_wconf 84' lang='lat' dir='ltr'>da-</span> 
     </span>
     <span class='ocr_line' id='line_1_77' title="bbox 1002 2328 1669 2369; baseline 0.003 -11"><span class='ocrx_word' id='word_1_516' title='bbox 1002 2328 1086 2359; x_wconf 82' lang='lat' dir='ltr'>mals</span> <span class='ocrx_word' id='word_1_517' title='bbox 1111 2333 1309 2369; x_wconf 78' lang='lat' dir='ltr'>propraetor</span> <span class='ocrx_word' id='word_1_518' title='bbox 1331 2339 1418 2369; x_wconf 79' lang='lat' dir='ltr'>war,</span> <span class='ocrx_word' id='word_1_519' title='bbox 1440 2340 1466 2360; x_wconf 91' lang='lat' dir='ltr'>s.</span> <span class='ocrx_word' id='word_1_520' title='bbox 1488 2329 1542 2368; x_wconf 86' lang='lat'>29,</span> <span class='ocrx_word' id='word_1_521' title='bbox 1566 2328 1620 2368; x_wconf 89' lang='lat'>36,</span> <span class='ocrx_word' id='word_1_522' title='bbox 1641 2329 1669 2369; x_wconf 92' lang='grc'>1,</span> 
     </span>
     <span class='ocr_line' id='line_1_78' title="bbox 1002 2374 1671 2417; baseline 0.004 -14"><span class='ocrx_word' id='word_1_523' title='bbox 1002 2375 1158 2416; x_wconf 78' lang='lat' dir='ltr'>praetori</span> <span class='ocrx_word' id='word_1_524' title='bbox 1171 2375 1250 2404; x_wconf 74' lang='lat' dir='ltr'>item</span> <span class='ocrx_word' id='word_1_525' title='bbox 1262 2384 1316 2417; x_wconf 78' lang='lat' dir='ltr'>pr.</span> <span class='ocrx_word' id='word_1_526' title='bbox 1330 2385 1362 2405; x_wconf 88' lang='grc' dir='ltr'>α.</span> <span class='ocrx_word' id='word_1_527' title='bbox 1377 2375 1448 2405; x_wconf 86' lang='grc'>3150</span> <span class='ocrx_word' id='word_1_528' title='bbox 1463 2375 1513 2406; x_wconf 80' lang='lat' dir='ltr'>ein</span> <span class='ocrx_word' id='word_1_529' title='bbox 1528 2374 1671 2406; x_wconf 85' lang='lat' dir='ltr'>Irrthum</span> 
     </span>
     <span class='ocr_line' id='line_1_79' title="bbox 1004 2417 1671 2462; baseline 0.003 -13"><span class='ocrx_word' id='word_1_530' title='bbox 1004 2417 1073 2450; x_wconf 80' lang='lat' dir='ltr'>L&#39;.s</span> <span class='ocrx_word' id='word_1_531' title='bbox 1099 2419 1156 2459; x_wconf 80' lang='lat' dir='ltr'>ist,</span> <span class='ocrx_word' id='word_1_532' title='bbox 1183 2419 1222 2449; x_wconf 86' lang='lat' dir='ltr'>da</span> <span class='ocrx_word' id='word_1_533' title='bbox 1244 2423 1384 2462; x_wconf 75' lang='lat' dir='ltr'>praetor</span> <span class='ocrx_word' id='word_1_534' title='bbox 1406 2420 1438 2450; x_wconf 90' lang='lat' dir='ltr'>in</span> <span class='ocrx_word' id='word_1_535' title='bbox 1457 2421 1580 2451; x_wconf 83' lang='lat' dir='ltr'>diesem</span> <span class='ocrx_word' id='word_1_536' title='bbox 1599 2419 1671 2450; x_wconf 88' lang='lat' dir='ltr'>Zu-</span> 
     </span>
     <span class='ocr_line' id='line_1_80' title="bbox 1004 2464 1670 2506; baseline 0.003 -12"><span class='ocrx_word' id='word_1_537' title='bbox 1004 2465 1272 2504; x_wconf 83' lang='lat' dir='ltr'>sammenhange,</span> <span class='ocrx_word' id='word_1_538' title='bbox 1304 2474 1331 2495; x_wconf 91' lang='lat' dir='ltr'>s.</span> <span class='ocrx_word' id='word_1_539' title='bbox 1360 2464 1380 2506; x_wconf 66' lang='grc' dir='ltr'>ξ</span> <span class='ocrx_word' id='word_1_540' title='bbox 1411 2466 1446 2504; x_wconf 87' lang='grc'>5,</span> <span class='ocrx_word' id='word_1_541' title='bbox 1477 2465 1670 2497; x_wconf 84' lang='lat' dir='ltr'>schwerlich</span> 
     </span>
     <span class='ocr_line' id='line_1_81' title="bbox 1004 2508 1670 2552; baseline 0.002 -12"><span class='ocrx_word' id='word_1_542' title='bbox 1004 2508 1239 2540; x_wconf 80' lang='lat' dir='ltr'>Befchlshaber</span> <span class='ocrx_word' id='word_1_543' title='bbox 1262 2510 1461 2552; x_wconf 84' lang='lat' dir='ltr'>iiberhaupt,</span> <span class='ocrx_word' id='word_1_544' title='bbox 1488 2521 1513 2541; x_wconf 91' lang='lat' dir='ltr'>s.</span> <span class='ocrx_word' id='word_1_545' title='bbox 1538 2510 1592 2550; x_wconf 78' lang='lat'><strong>23,</strong></span> <span class='ocrx_word' id='word_1_546' title='bbox 1616 2510 1670 2550; x_wconf 88' lang='grc'>40,</span> 
     </span>
     <span class='ocr_line' id='line_1_82' title="bbox 1007 2555 1668 2594; baseline 0 -9"><span class='ocrx_word' id='word_1_547' title='bbox 1007 2555 1035 2594; x_wconf 92' lang='lat' dir='ltr'>l,</span> <span class='ocrx_word' id='word_1_548' title='bbox 1060 2555 1222 2585; x_wconf 84' lang='lat' dir='ltr'>bedeuten</span> <span class='ocrx_word' id='word_1_549' title='bbox 1248 2555 1344 2586; x_wconf 84' lang='lat' dir='ltr'>kann.</span> <span class='ocrx_word' id='word_1_550' title='bbox 1363 2574 1408 2578; x_wconf 85' lang='lat'><strong>—</strong></span> <span class='ocrx_word' id='word_1_551' title='bbox 1424 2555 1489 2587; x_wconf 79' lang='lat' dir='ltr'>cluo</span> <span class='ocrx_word' id='word_1_552' title='bbox 1507 2555 1587 2593; x_wconf 58' lang='lat' dir='ltr'>mil„</span> <span class='ocrx_word' id='word_1_553' title='bbox 1605 2566 1668 2586; x_wconf 81' lang='lat' dir='ltr'>von</span> 
     </span>
     <span class='ocr_line' id='line_1_83' title="bbox 1005 2600 1669 2640; baseline 0 -10"><span class='ocrx_word' id='word_1_554' title='bbox 1005 2600 1064 2630; x_wconf 82' lang='lat' dir='ltr'>der</span> <span class='ocrx_word' id='word_1_555' title='bbox 1088 2600 1117 2630; x_wconf 91' lang='lat' dir='ltr'>in</span> <span class='ocrx_word' id='word_1_556' title='bbox 1138 2600 1310 2631; x_wconf 85' lang='lat' dir='ltr'>Sardinien</span> <span class='ocrx_word' id='word_1_557' title='bbox 1336 2601 1515 2632; x_wconf 86' lang='lat' dir='ltr'>stehenden</span> <span class='ocrx_word' id='word_1_558' title='bbox 1534 2600 1669 2640; x_wconf 78' lang='lat' dir='ltr'>Legion,</span> 
     </span>
     <span class='ocr_line' id='line_1_84' title="bbox 1005 2645 1670 2686; baseline 0.002 -11"><span class='ocrx_word' id='word_1_559' title='bbox 1005 2655 1030 2676; x_wconf 91' lang='lat' dir='ltr'>s.</span> <span class='ocrx_word' id='word_1_560' title='bbox 1052 2645 1104 2684; x_wconf 87' lang='grc'>29,</span> <span class='ocrx_word' id='word_1_561' title='bbox 1122 2645 1173 2686; x_wconf 81' lang='grc'>13,</span> <span class='ocrx_word' id='word_1_562' title='bbox 1188 2646 1217 2676; x_wconf 81' lang='grc'>5.</span> <span class='ocrx_word' id='word_1_563' title='bbox 1234 2664 1277 2668; x_wconf 76' lang='lat'>—</span> <span class='ocrx_word' id='word_1_564' title='bbox 1289 2647 1323 2677; x_wconf 83' lang='lat' dir='ltr'>z&#39;n</span> <span class='ocrx_word' id='word_1_565' title='bbox 1339 2656 1427 2686; x_wconf 60' lang='lat' dir='ltr'>nain,</span> <span class='ocrx_word' id='word_1_566' title='bbox 1445 2656 1519 2677; x_wconf 88' lang='lat' dir='ltr'>zum</span> <span class='ocrx_word' id='word_1_567' title='bbox 1533 2645 1670 2677; x_wconf 88' lang='lat' dir='ltr'>Dienste</span> 
     </span>
    </p>
   </div>
   <div class='ocr_carea' id='block_1_10' title="bbox 1698 838 1737 869">
    <p class='ocr_par' dir='ltr' id='par_1_11' title="bbox 1698 838 1737 869">
     <span class='ocr_line' id='line_1_85' title="bbox 1698 838 1737 869; baseline 0 0"><span class='ocrx_word' id='word_1_568' title='bbox 1698 838 1737 869; x_wconf 84' lang='lat'>10</span> 
     </span>
    </p>
   </div>
  </div>
 </body>
</html>
