1784 2967
272 248 347 289 158
705 247 828 279 elisur.
846 247 956 280 xxv.
990 248 1080 280 cae.
1101 247 1153 280 22.
1173 248 1226 281 23.

1519 267 1544 284 a.
1561 267 1587 285 u.
1603 260 1664 286 542.

218 360 238 392 9
267 350 475 401 multisque
511 349 625 388 simul
659 349 752 388 locis
789 362 874 389 cum
912 349 1204 401 prohibentibus
1241 362 1356 401 opera
1385 350 1589 403 Campanis
1620 365 1664 391 eo

266 412 399 446 eventu
421 411 605 457 pugnant,
630 411 670 445 ut
691 412 888 458 postremo
913 407 1037 458 portis
1059 419 1247 457 muroque
1264 419 1304 445 se
1322 408 1535 447 contineret
1551 408 1664 447 Cam—

197 477 236 508 10
266 476 402 515 panus.
444 463 551 514 prius
573 468 721 510 tamen,
745 475 858 514 quam
881 464 972 502 baec
994 463 1308 502 continuarentur
1331 476 1463 514 opera,
1485 465 1596 516 legati
1618 466 1662 504 ad

264 519 516 558 Hannibalem
545 519 671 567 missi,
699 521 761 571 qui
790 525 1041 571 quererentur
1067 520 1258 558 desertam
1289 519 1335 559 ab
1363 533 1408 559 eo
1432 522 1600 572 Capuam
1623 535 1666 560 ac

263 589 387 628 prope
407 577 594 615 redditam
615 576 798 615 Romanis
821 577 1199 628 obtestarenturque,
1223 583 1264 616 ut
1284 582 1376 616 tnnc
1395 578 1528 616 saltem
1551 591 1662 629 opem
1695 586 1712 616 5

196 639 232 671 11
264 645 343 672 non
365 633 630 672 circumsessis
654 634 770 672 inodo
793 634 858 672 sed
881 633 994 672 etiam
1018 632 1308 672 circumvallatis
1329 634 1458 673 ferret.
1496 635 1667 673 consuli-

263 690 335 729 bus
356 690 499 729 litterae
520 703 539 729 a
561 691 601 729 P.
625 690 801 728 Cornelio
824 695 1001 741 praetore
1024 690 1179 737 missae,
1205 696 1248 729 ut
1267 690 1491 742 priusquam
1515 691 1666 730 claude-

262 753 349 786 rent
370 748 539 797 Capuam
563 747 756 797 operibus,
780 752 1007 797 potestatem
1026 746 1229 797 Campanis
1250 748 1429 794 facerent,
1452 754 1494 787 ut
1514 748 1577 799 qui
1599 761 1666 786 eo-

195 812 234 844 12
263 817 349 843 rum
372 804 521 850 vellent,
544 804 690 842 exirent
711 816 729 841 a
749 803 873 853 Capua
897 816 1062 854 suasque
1084 816 1143 842 res
1165 817 1296 843 secum
1318 803 1406 843 inde
1426 805 1582 843 ferrent,
1622 805 1665 843 li-

262 861 376 900 beros
412 861 495 898 fore
532 873 675 910 suaque
712 860 840 899 onmia
877 860 1076 898 habituros
1106 860 1169 911 qui
1196 867 1282 899 ante
1303 861 1389 899 idus
1417 862 1570 901 Martias
1597 875 1660 900 ex-
1698 872 1735 903 10

262 918 403 963 issent3
441 923 531 968 post
567 929 649 955 eam
683 917 782 955 diem
812 917 952 967 quique
979 917 1147 955 exissent
1180 918 1321 968 quique
1349 917 1398 956 ibi
1432 918 1666 957 mansissent

193 982 244 1017 13,
262 974 433 1012 hostium
468 974 620 1012 futuros
658 985 833 1012 numero.
880 986 920 1011 ea
958 974 1205 1024 pronuntiata
1233 974 1438 1025 Campanis
1475 981 1587 1026 atque
1614 976 1664 1014 ita

193 1039 233 1071 14
263 1036 410 1082 spreta,
441 1036 482 1068 ut
509 1030 607 1068 ultro
638 1030 889 1069 contumelias
919 1030 1091 1069 dicerent
1112 1031 1436 1082 minarenturque.
1477 1032 1665 1070 Hannibal

262 1088 308 1127 ab
328 1087 530 1135 Herdonea
553 1087 761 1125 Tarentum
791 1087 949 1125 duxerat
974 1087 1145 1137 legiones
1174 1100 1243 1138 spe
1265 1093 1329 1126 aut
1350 1088 1383 1126 vi
1406 1092 1470 1126 aut
1490 1089 1578 1126 dolo
1601 1101 1663 1127 ar-

263 1145 317 1184 cis
344 1144 572 1183 Tarentinae
600 1144 823 1194 potiundae,
852 1144 952 1194 quod
983 1144 1045 1182 ubi
1072 1157 1206 1195 parurn
1235 1145 1443 1195 processit,
1471 1145 1516 1183 ad
1537 1145 1661 1185 Brun-
1696 1155 1734 1187 15

193 1211 232 1243 15
263 1201 405 1240 disium
430 1201 534 1239 flexit
561 1200 631 1239 iter
659 1201 771 1252 prodi
798 1201 836 1239 id
859 1200 1044 1251 oppidum
1066 1207 1185 1240 ratus.
1226 1201 1277 1239 ibi
1300 1214 1452 1252 quoque
1473 1214 1560 1241 cum
1580 1202 1663 1241 fru-

264 1263 342 1297 stra
369 1262 508 1296 tereret
534 1263 705 1308 tempus,
732 1257 842 1307 legati
864 1258 1045 1308 Campani
1072 1258 1118 1296 ad
1141 1270 1228 1296 eum
1250 1263 1439 1297 venerunt
1460 1264 1663 1309 querentes

264 1315 380 1354 simul
402 1320 645 1365 orantesque.
688 1314 826 1365 quibus
850 1314 1036 1352 Hannibal
1059 1315 1257 1365 magnifice
1278 1315 1479 1365 respondit
1500 1321 1537 1354 et
1556 1320 1662 1354 antea

263 1384 304 1410 se
325 1371 489 1410 solvisse
511 1371 755 1410 obsidionem
777 1378 813 1409 et
830 1383 932 1409 nunc
951 1371 1154 1409 adventum
1177 1384 1291 1410 suum
1314 1372 1493 1410 consules
1511 1384 1591 1411 non
1609 1373 1662 1410 la-

194 1439 233 1472 16
262 1434 385 1468 turos.
433 1441 518 1467 cum
548 1428 617 1466 hac
645 1441 712 1478 spe
740 1428 887 1466 dimissi
915 1427 1026 1477 legati
1054 1428 1111 1466 vix
1133 1428 1279 1478 regredi
1303 1428 1470 1479 Capuam
1493 1428 1564 1468 iam
1589 1429 1662 1467 du-
1693 1438 1733 1470 20

263 1486 349 1537 plici
370 1486 474 1523 fossa
499 1485 668 1535 valloque
691 1485 852 1523 cinctam
876 1490 1098 1535 potuerunt.

183 1542 237 1581 23
376 1541 471 1580 Cum
494 1554 673 1580 maxume
700 1541 824 1592 Capua
847 1541 1211 1587 circunivallaretur,
1240 1541 1512 1593 Syracusarum
1537 1555 1664 1594 oppu-

262 1667 362 1698 cz'tari
378 1677 408 1698 u.
427 1676 455 1697 a.
490 1665 559 1696 Zur
576 1665 679 1697 Sacbe
706 1665 771 1705 x‘gl.
798 1665 827 1703 5,
851 1665 877 1703 1,
898 1665 926 1695 S.

261 1712 497 1755 ——prolu'bent,
513 1722 552 1742 zu
568 1711 702 1741 hindern
718 1711 927 1749 vcrsuebten,

262 1768 289 1789 s.
307 1758 335 1798 4,
358 1757 408 1797 lu,
426 1758 456 1787 5.
472 1775 515 1779 —
530 1756 708 1799 Campanis
730 1775 767 1777 —
784 1755 926 1799 Canzpoe

261 1814 327 1834 mas
345 1813 396 1833 uni
416 1803 466 1833 die
491 1802 661 1833 einzelnen
683 1801 924 1840 Abtbeilungen

261 1849 320 1879 der
338 1847 576 1879 Gcsainnitlieit
601 1851 761 1886 entgegen
784 1857 823 1877 zu
843 1848 924 1877 stel-

262 1894 497 1936 len.—p0rtis
513 1904 568 1931 m.,
589 1903 624 1923 so
643 1892 847 1932 geu-&hunck
867 1893 925 1923 der

261 1939 371 1970 blosse
403 1939 511 1970 Ablat.
546 1938 596 1969 bei
621 1949 657 1969 se
680 1939 859 1974 continere,
893 1949 930 1968 se

263 1987 383 2026 tenere,
402 1995 427 2015 5.
448 1984 498 2024 31,
515 1983 567 2022 26,
587 1983 622 2013 (jz
641 1993 700 2013 aus
720 1983 780 2013 den
796 1982 926 2013 Theren

261 2030 350 2060 nieht
385 2029 603 2065 ausriickten,
643 2028 811 2059 innerbalb
849 2028 929 2059 oder

261 2072 321 2105 auf
333 2075 392 2105 der
417 2073 531 2105 Maucr
547 2073 698 2111 .blieben‚
724 2073 868 2112 ‹lagegen
894 2075 927 2103 in

261 2121 383 2151 castris
400 2118 452 2159 36,
475 2119 524 2157 17,
539 2118 570 2149 9.
587 2117 655 2148 Zur
669 2118 771 2148 Sacbc
789 2117 854 2157 vgl.
873 2116 926 2157 211,

261 2165 291 2206 4,
311 2164 341 2196 3.
358 2183 402 2186 -

309 2232 450 2264 10-14.
477 2233 677 2271 coutimur„
697 2231 749 2271 23,
775 2229 821 2270 Π,
842 2231 920 2261 5.-

261 2278 429 2311 redditam
463 2278 506 2309 ist
546 2277 837 2308 nacbdriirklicber
874 2276 924 2307 als

263 2324 439 2362 traditam,
463 2322 633 2363 freiwilig,
657 2321 849 2353 absirhtlicli
874 2322 925 2352 ih-

262 2381 322 2401 nen
340 2370 465 2400 wieder
483 2367 765 2408 zuriickgegebcn.
783 2385 828 2388 —
844 2377 865 2398 α
884 2366 923 2399 Ρ.

265 2415 298 2447 C.
321 2425 386 2458 pin,
421 2414 581 2446 natiirlicb
606 2414 647 2444 im
674 2411 832 2451 Aul'trage.
866 2412 923 2442 des

262 2460 413 2501 Senates,
438 2459 503 2499 vgl.
536 2458 587 2499 26,
625 2458 674 2498 12,
708 2458 743 2490 5:
784 2459 925 2488 accessit

262 2505 405 2537 edietum
445 2504 660 2549 proconsulis
700 2514 744 2534 em
785 2505 923 2533 senatus

261 2551 411 2583 cons-ullo
426 2552 638 2594 propositum
658 2553 732 2589 etc„
751 2548 803 2587 22,
822 2547 874 2588 33,
894 2549 923 2578 9.

261 2613 305 2618 ——
323 2598 456 2627 &virent
479 2597 519 2627 ab
547 2596 591 2635 C„
619 2606 644 2626 5.
670 2594 722 2631 21,
751 2593 801 2632 13,
822 2594 855 2624 ῖς
882 2594 922 2623 ab

262 2641 414 2682 Sagunto
433 2643 537 2679 (urire,
563 2642 614 2681 24,
633 2640 684 2682 4⁴),
706 2639 755 2670 11.
779 2657 824 2661 -—
846 2641 923 2669 aule

265 2685 311 2717 [(1.
340 2686 388 2724 ll„
416 2687 466 2717 die
494 2686 698 2725 [nnuallung
730 2695 818 2716 muss
851 2684 921 2715 also

1000 1676 1102 1706 gegen
1123 1666 1179 1696 slas
1199 1666 1289 1697 Ende
1307 1667 1364 1697 des
1382 1667 1498 1697 jain-es
1526 1668 1665 1707 gesche-

1002 1713 1060 1742 ben
1078 1712 1388 1753 sein.—qm'que—
1399 1713 1518 1754 quique
1534 1723 1559 1743 s.
1572 1712 1597 1753 1,
1610 1713 1662 1751 55,

1001 1757 1030 1787 o.
1050 1775 1089 1778 —
1110 1767 1262 1795 nurnero,
1282 1768 1308 1787 s.
1327 1756 1445 1798 3υ,12,
1465 1759 1499 1788 9:
1516 1758 1662 1789 hos-tium

998 1812 1139 1834 7111'11161'0
1156 1804 1187 1833 ile
1203 1802 1342 1834 vincellis
1356 1802 1494 1839 l1abeat;
1512 1802 1541 1842 S,
1557 1802 1609 1843 24,
1625 1803 1662 1834 4:

1000 1847 1152 1879 obsidum
1171 1858 1321 1885 nurnero,
1338 1858 1364 1878 5.
1380 1848 1410 1888 4,
1430 1848 1459 1885 4,
1482 1847 1531 1878 12.
1550 1866 1595 1870 —
1612 1851 1664 1879 at-

1000 1904 1068 1934 que,
1089 1893 1152 1923 und
1171 1893 1275 1933 dabei,
1296 1893 1356 1923 wie
1375 1903 1410 1924 es
1436 1894 1502 1924 sich
1523 1893 1572 1924 hei
1591 1893 1661 1924 deni

1001 1938 1186 1969 Churakter
1208 1939 1267 1969 der
1290 1938 1472 1980 Campaner
1497 1943 1661 1970 erwarten

1001 1984 1078 2022 liess
1105 1994 1135 2014 u.
1156 1994 1181 2015 5.
1201 1993 1261 2021 w.;
1304 1984 1364 2014 wir
1395 1987 1557 2015 erwarten
1589 1985 1662 2014 cine

1000 2028 1358 2069 Adversativpartikel,
1392 2028 1458 2068 vgl.
1491 2039 1518 2059 c.
1543 2028 1596 2068 25,
1621 2029 1658 2066 ὃς

1000 2073 1052 2111 24,
1071 2073 1122 2114 39,
1142 2076 1159 2103 δ

1048 2129 1186 2160 15--113,
1210 2129 1325 2172 prodi,
1360 2129 1411 2160 die
1441 2130 1569 2161 sicbere
1599 2130 1661 2161 Er-

998 2179 1159 2213 wartung,
1179 2184 1205 2205 s.
1224 2173 1261 2205 Z.
1280 2173 1300 2215 ξ
1319 2174 1392 2205 605.
1410 2193 1455 2197 -—
1470 2176 1661 2217 magnifiee,

999 2231 1023 2250 5.
1046 2219 1096 2257 21,
1116 2219 1168 2257 41,
1191 2220 1217 2250 1.
1243 2238 1286 2242 —
1303 2230 1377 2251 cum
1395 2220 1455 2251 hac·
1472 2233 1511 2260 .s·.,
1530 2230 1565 2250 so
1585 2221 1660 2252 dass

999 2266 1047 2296 sie
1072 2265 1162 2295 diosc
1187 2266 1400 2303 mitualnnen,
1435 2265 1493 2303 44,
1520 2265 1578 2305 13,
1607 2266 1660 2297 12:

998 2321 1071 2342 eum
1095 2311 1214 2351 gralia
1230 2321 1250 2341 α
1267 2311 1400 2342 consule
1416 2312 1608 2353 prosae-tm„
1627 2322 1656 2342 u.

997 2366 1026 2387 a.
1047 2374 1081 2377 —
1106 2355 1230 2398 duplis-2·
1245 2366 1285 2394 tn,
1305 2357 1384 2387 nach
1409 2359 1467 2387 ‹ler
1485 2356 1580 2387 stadt
1596 2357 1659 2386 und

998 2402 1068 2432 dein
1087 2400 1192 2432 freien
1211 2401 1312 2432 Felde
1330 2412 1381 2433 zu.
1400 2419 1444 2424 -—
1460 2403 1599 2433 cinctam
1617 2416 1661 2426 Ξ

998 2457 1069 2478 enm
1089 2447 1156 2477 iam
1181 2447 1290 2478 cincta
1318 2449 1422 2487 esset,
1448 2447 1536 2478 nicht
1559 2445 1661 2477 6111111-

998 2493 1074 2523 ebes
1094 2492 1252 2523 Ain-ibut.

1040 2541 1210 2580 &3—31.
1237 2547 1431 2588 Eroberung
1464 2558 1525 2579 von
1557 2547 1660 2590 Syra-

997 2604 1063 2625 cus.
1083 2594 1198 2636 Polyb.
1217 2593 1248 2633 8,
1267 2592 1357 2630 361'.;
1378 2593 1459 2625 Zon.
1475 2593 1551 2631 9‚5;
1572 2593 1657 2625 l’lnt.

997 2639 1096 2670 Mare.
1125 2639 1180 2677 153
1213 2638 1361 2670 Frontin.
1391 2638 1492 2670 Strat.
1519 2638 1547 2680 3,
1566 2637 1596 2679 3,
1616 2639 1658 2677 2;

995 2685 1053 2715 Sil.
1072 2684 1108 2716 lt.
1131 2684 1179 2726 14,
1198 2683 1302 2715 5851?
