1784 2967
249 256 301 296 80

699 252 823 285 LIBER
847 252 987 286 XXVll.
1029 253 1122 285 CAP.
1148 252 1203 285 31.

1487 267 1512 285 a.
1535 267 1563 286 u.
1584 260 1646 288 546.

248 357 379 396 habitu
400 359 626 406 aequaverat
647 354 783 393 ceteris
806 367 848 393 se
869 355 906 393 in
929 355 1118 407 speciem,
1142 367 1217 406 quo
1240 354 1334 393 nihil
1354 354 1497 404 gratius
1515 357 1573 392 est
1593 353 1648 392 ci-

199 420 218 450 5
247 413 424 452 vitatibus
453 412 595 450 liberis.
636 411 951 462 praebuissetque
977 412 1079 450 haud
1102 411 1255 450 dubiam
1277 423 1322 449 eo
1343 410 1444 449 facto
1467 422 1578 460 spem
1600 409 1648 448 li—

246 469 422 514 bertatis,
452 467 527 506 nisi
551 467 679 506 omnia
708 467 944 506 intoleranda
972 467 1128 506 libidine
1154 467 1268 506 foeda
1289 479 1332 505 ac
1351 466 1537 505 deformia
1558 466 1648 505 effe-

248 526 372 564 cisset.
414 524 621 574 vagabatur
647 524 748 562 enim
777 536 865 562 cum
894 535 973 563 uno
1001 529 1065 563 aut
1091 524 1209 562 altero
1242 523 1382 561 comite
1404 534 1472 573 per
1491 522 1646 561 maritas

199 590 218 621 6
247 581 386 620 domos
409 580 489 619 dies
512 585 740 630 noctesque,
764 585 800 619 et
821 580 1100 619 summittendo
1123 592 1164 618 se
1184 579 1222 618 in
1244 578 1434 630 privatum
1453 577 1647 629 fastigium

247 649 323 688 quo
350 637 480 676 minus
510 641 743 687 conspectus
772 648 816 674 eo
846 636 1011 675 solutior
1039 641 1135 683 erat,
1158 641 1195 675 et
1213 635 1428 674 libertatem
1457 647 1546 674 cum
1568 633 1649 673 aliis

198 700 216 731 ἵ
246 705 381 732 vanam
418 693 668 739 ostendisset,
703 697 823 730 totam
860 692 900 730 in
938 704 1047 731 suam
1083 691 1274 731 licentiam
1310 695 1484 730 verterat.
1526 702 1650 741 neque

247 750 348 789 enim
373 749 500 788 onmia
524 749 676 787 emebat
692 753 756 786 aut
773 748 1068 794 eblandiebatur‚
1086 748 1152 787 sed
1169 749 1244 787 vim
1264 748 1414 799 flagitiis
1431 746 1650 792 adhibebat,

246 806 585 856 periculosumque
621 809 657 842 et
682 804 770 843 viris
802 811 839 842 et
866 804 1088 854 parentibus
1118 809 1199 843 erat
1224 817 1373 843 moram
1402 802 1651 842 incommoda

199 868 219 900 8
247 862 445 900 severitate
473 860 619 899 libidini
646 860 770 911 regiae
796 860 944 899 fecisse.
984 861 1051 899 uni
1074 861 1187 899 ctiam
1216 860 1381 911 principi
1408 860 1651 898 Achaeorum

247 918 362 957 Arato
393 918 570 968 adempta
599 929 697 955 uxor
718 916 876 954 nomine
897 916 1109 967 Polycratia
1130 929 1173 955 ac
1193 929 1262 967 spe
1282 917 1473 967 regiarum
1494 915 1650 966 nuptia-

248 987 333 1013 rum
356 974 394 1012 in
415 973 676 1012 Macedoniam
701 977 898 1023 asportata
919 973 1056 1011 fuerat.

362 1031 435 1069 Per
471 1031 564 1068 haec
599 1029 740 1079 flagitia
776 1029 951 1067 sollemni
980 1028 1215 1067 Nemeorum
1252 1033 1406 1079 peracto
1442 1027 1652 1079 paucisque

250 1086 387 1125 additis
425 1086 559 1124 diebus
590 1085 727 1136 Dymas
765 1091 823 1124 est
849 1085 1044 1136 profectus
1077 1085 1122 1123 ad
1154 1084 1389 1136 praesidium
1416 1084 1652 1129 Aetolorum,

249 1143 351 1194 quod
381 1142 427 1181 ab
448 1142 548 1180 Eleis
577 1141 740 1180 accitum
770 1147 1047 1192 acceptumque
1068 1141 1108 1179 in
1135 1141 1269 1180 urbem
1292 1146 1387 1184 erat,
1417 1139 1649 1179 eiciundum.

180 1208 220 1239 30
250 1199 441 1250 Cycliadas
469 1221 525 1226 —
552 1209 671 1248 penes
700 1210 788 1236 eum
817 1210 968 1236 summa
997 1197 1148 1248 imperii
1175 1202 1255 1236 erat
1281 1221 1335 1224 —
1362 1196 1578 1247 Achaeique
1605 1195 1650 1233 ad

248 1255 388 1306 Dymas
415 1254 494 1304 regi
524 1266 742 1300 occurrere,
769 1259 806 1292 et
825 1254 997 1292 Eliorum
1025 1253 1173 1293 accensi
1201 1253 1309 1299 odio,
1337 1253 1440 1304 quod
1472 1265 1492 1291 a
1514 1251 1651 1291 ceteris

248 1310 407 1349 Achaeis
435 1310 700 1355 dissentirent,
730 1315 766 1348 et
786 1310 924 1348 infensi
946 1309 1108 1355 Aetolis,
1137 1321 1235 1360 quos
1257 1309 1476 1347 Romanum
1500 1320 1653 1359 quoque

247 1501 360 1533 liberis
376 1501 606 1533 veranlassten
625 1501 719 1532 Satz:
735 1501 913 1544 praebuis-

249 1549 363 1588 setque
388 1564 432 1568 —
455 1546 622 1577 libertatis
644 1546 913 1585 angeschlossen.

249 1609 293 1614 —-
315 1602 408 1634 spem
431 1590 557 1630 libert„
582 1591 620 1621 da
645 1592 695 1621 die
720 1591 855 1622 Staaten
881 1591 912 1621 in

248 1637 369 1667 Achaia
394 1635 604 1667 Freistaaten
628 1636 716 1675 sind,
745 1635 829 1666 kann
855 1636 914 1666 der

252 1681 328 1712 Sinn
356 1691 416 1711 nur
440 1681 527 1711 sein:
553 1680 604 1711 die
628 1681 807 1720 Hoffnung,
838 1681 913 1711 dass

237 1718 288 1757 ‘er
305 1727 356 1757 die
371 1725 519 1757 Freiheit
537 1725 635 1765 nicht,
654 1725 716 1756 wie
731 1724 845 1756 friiher
863 1725 914 1756 die

249 1771 518 1802 macedonischen
528 1769 916 1809 Konige‚uuterdriicken

250 1816 372 1846 werde.
388 1833 430 1837 —
444 1817 595 1855 maritas,
611 1815 642 1845 in
657 1816 760 1846 denen
776 1815 917 1846 Verliei-

250 1862 380 1892 rathete
410 1861 499 1899 sind,
533 1864 627 1891 sonst
656 1860 697 1891 ist
728 1860 785 1890 das
817 1859 917 1891 &Vort

248 1906 341 1937 mehr
362 1905 560 1936 dichterisch
583 1905 648 1936 und
665 1905 748 1936 wird
767 1905 796 1935 iu
815 1905 916 1936 ande—

250 1961 307 1982 ren
339 1949 610 1990 Ve1bindungen:
643 1952 769 1981 marita
805 1960 914 1988 sacrm

239 1996 343 2037 faces
374 2006 405 2026 u.
438 2005 464 2026 s.
496 2005 537 2026 w.
566 1994 763 2034 gebraucht3
799 1994 914 2037 Polyb.

250 2041 272 2071 1.
291 2040 327 2071 l..
353 2036 395 2069 οὐ
412 2050 489 2090 qap
505 2037 553 2069 ἔτι
574 2037 637 2074 τὰς
651 2037 767 2081 χήρας
785 2037 915 2082 ἒπειόα

248 2094 317 2127 7122
320 2085 433 2122 αῖκας,
450 2080 533 2114 οὐδὲ
549 2081 613 2118 τὰς
627 2080 871 2127 ὑπάνδρους’
853 2095 916 2126 ηρ-

250 2130 347 2161 :cefro
365 2125 550 2171 μοιχεύων
564 2132 627 2159 etc.

296 2174 366 2204 6-
375 2173 405 2204 8.
436 2172 675 2204 szmwniltcndo
693 2184 744 2212 se,
769 2172 834 2211 vgl.
861 2171 914 2212 38,

251 2219 304 2258 52,
316 2218 350 2249 2:
369 2220 581 2250 szmnulttere
600 2229 635 2249 se
648 2229 679 2248 ιιι
694 2217 915 2249 humilitatem

250 2273 387 2295 causam
400 2263 576 2294 (licentium
583 2287 590 2293 .
599 2281 642 2285 —
649 2265 681 2294 2¹72
691 2263 916 2305 priratsast„

250 2309 317 2339 sich
347 2308 530 2339 hei-abliess
560 2317 620 2338 zur
643 2308 796 2347 Stellung
825 2307 916 2338 eines

249 2353 508 2390 Privatmannes,
527 2353 589 2383 wie
608 2352 637 2393 2,
658 2352 710 2391 27,
729 2353 764 2383 6:
783 2353 916 2384 curalio

249 2398 350 2429 altior
368 2399 541 2439 fastigio,
567 2397 646 2428 Tac.
671 2397 755 2428 Anu.
778 2397 832 2437 15,
860 2396 914 2427 74:

249 2443 392 2474 mortale
406 2444 609 2484 fastigimm
629 2443 666 2473 da
678 2442 916 2482 jedochsasti-

246 2489 342 2527 giam
361 2488 566 2527 gewiihnlich
582 2487 654 2518 eine
670 2487 750 2517 hohe
765 2486 917 2526 Stellung

253 2532 454 2571 bezeichnct,
474 2542 509 2562 so
525 2532 634 2563 lassen
649 2531 780 2562 Andere
795 2542 831 2562 se
844 2541 917 2570 weg

249 2587 279 2606 u.
312 2578 446 2607 nchmen
467 2578 558 2617 sust.
586 2592 630 2603 =
654 2578 789 2618 reg-inm
806 2577 918 2617 ,sasti-

249 2623 355 2659 gium.
385 2639 429 2643 —
459 2632 578 2653 ranam
602 2622 664 2652 wie
693 2623 726 2652 iu
757 2623 914 2664 speciem:

251 2665 426 2704 wesenlos,
444 2666 484 2697 da
501 2677 538 2697 er·
555 2667 602 2697 sie
620 2665 673 2697 fiir
685 2667 752 2697 sich
766 2666 796 2697 in
813 2665 915 2697 Will-

181 1379 217 1410 11
252 1368 435 1406 adversus
469 1379 510 1405 se
539 1366 709 1404 movisse
734 1365 874 1405 bellum
904 1365 1118 1405 credebant.
1160 1365 1324 1416 profecti
1349 1378 1369 1404 a
1395 1364 1526 1416 Dymis
1556 1375 1651 1402 con-

985 1500 1047 1531 kiir
1063 1500 1311 1538 verwandelte,
1304 1510 1311 1517 ·
1330 1502 1481 1532 verterat
1497 1498 1653 1530 schliesst

986 1545 1134 1585 zugleich
1153 1545 1213 1576 den
1231 1542 1347 1584 Erfolg
1365 1545 1428 1576 ein.
1451 1562 1496 1567 —-
1513 1544 1652 1585 fecisse,

986 1590 1023 1622 Z.
1033 1590 1137 1631 §5941
1152 1589 1267 1641 Polyb.
1287 1591 1361 1622 τῶν
1378 1589 1448 1633 μὲν
1464 1600 1549 1624 τους
1567 1588 1654 1623 υἱεῖς

985 1635 1058 1667 τῶν
1081 1633 1120 1666 δὲ
1145 1631 1230 1669 τοὺς
1253 1620 1392 1676 ἆνδραζ·
1414 1653 1457 1657 —
1482 1632 1543 1666 ἐπὶ
1562 1645 1654 1676 ποο-

987 1677 1149 1733 qa'o'eiffv
1163 1676 1314 1721 αλόγοις
1327 1677 1546 1711 (5156616v.—·
1559 1680 1653 1721 prin-

986 1726 1067 1768 cipi,
1093 1725 1213 1765 einem,
1232 1725 1291 1755 der
1309 1724 1359 1755 ein
1379 1724 1455 1755 sehr
1472 1724 1655 1763 angesehe-

992 1780 1050 1801 ner
1068 1769 1163 1801 Mann
1183 1779 1263 1800 war.
1282 1788 1326 1791 —
1344 1770 1468 1807 Arato,
1488 1768 1574 1800 Sohn
1595 1768 1653 1799 des

990 1814 1183 1846 beriihmten
1207 1816 1348 1852 Aratus,
1374 1824 1400 1845 s.
1425 1813 1484 1853 32,
1509 1813 1568 1851 21,
1594 1812 1653 1845 23:

989 1862 1023 1891 et
1040 1861 1189 1891 Aratum
1205 1862 1339 1902 patrem
1347 1858 1526 1901 filiumque
1542 1876 1578 1880 —
1602 1859 1656 1889 in-

988 1905 1160 1946 teffectox,
1172 1904 1224 1946 fili
1235 1905 1335 1935 etiam
1348 1914 1495 1936 umorem
1508 1902 1655 1935 libidinis

988 1960 1090 1982 causa
1109 1950 1160 1989 (an
1177 1960 1208 1980 u.
1228 1949 1277 1980 St.
1295 1960 1366 1991 spe,
1384 1949 1490 1980 indem
1509 1959 1546 1980 er
1563 1947 1653 1979 Hoff-

989 2005 1076 2035 nung
1089 1994 1228 2035 machte)
1243 1996 1275 2026 in
1291 1993 1522 2026 Macedoniam
1535 2003 1655 2036 aspor-

990 2043 1108 2071 iatam.

1033 2085 1104 2115 9—
1118 2083 1169 2114 11.
1195 2083 1363 2123 sollemni,
1382 2084 1503 2115 vorher
1516 2082 1654 2123 ludicro,

989 2139 1015 2159 s.
1038 2128 1071 2166 1,
1091 2129 1129 2167 5,
1146 2127 1176 2158 2.
1195 2145 1237 2150 —
1256 2128 1385 2170 Dymas
1401 2138 1441 2159 an
1460 2128 1519 2159 der
1536 2127 1654 2159 &Vest-

989 2173 1087 2204 kiiste
1114 2172 1265 2204 Achaias.
1296 2191 1340 2194 —
1363 2172 1468 2212 Eleis,
1500 2171 1654 2204 Verbiin-

989 2218 1085 2249 deten
1114 2218 1172 2249 der
1202 2217 1341 2248 Aetoler
1368 2218 1432 2249 und
1457 2217 1594 2258 Rb'mer,
1627 2226 1653 2248 s.

990 2262 1050 2302 26,
1088 2261 1146 2304 24,
1174 2262 1212 2301 93
1248 2261 1365 2304 Polyb.
1396 2262 1431 2303 9,
1463 2261 1521 2304 30,
1551 2261 1583 2293 6.
1610 2279 1655 2284 -

993 2307 1149 2349 Cycliad,
1168 2317 1242 2339 vom
1261 2306 1326 2338 Mai
1349 2306 1553 2346 210--209‚
1577 2306 1656 2338 Phi-

990 2332 1161 2394 lopoemeh
1190 2362 1260 2383 war
1288 2353 1368 2383 nach
1392 2352 1532 2384 Pausan.
1551 2350 1587 2391 8,
1612 2350 1654 2382 49

991 2402 1077 2429 extr.
1096 2397 1269 2439 Hipparch.
1287 2415 1332 2419 —
1346 2408 1448 2448 penes
1464 2415 1508 2420 —
1525 2398 1656 2428 erat=

987 2445 1129 2486 praetor
1141 2445 1224 2481 erat,
1243 2438 1455 2485 στρατηγός.
1462 2441 1654 2473 -Romam

989 2499 1030 2528 q.,
1050 2487 1139 2518 nicht
1155 2487 1254 2518 allein
1270 2487 1330 2518 den
1345 2487 1565 2523 aetolischen,
1582 2496 1607 2517 s.
1624 2496 1651 2517 c.

990 2532 1048 2573 29,
1073 2532 1103 2563 9.
1122 2550 1167 2554 —
1182 2531 1341 2564 Larisum
1359 2531 1570 2562 siidwestlich
1590 2541 1653 2562 von

988 2577 1122 2618 Dymae,
1140 2577 1279 2608 Pausan.
1298 2577 1326 2616 7,
1345 2576 1395 2616 17,
1410 2576 1440 2607 3.
1467 2575 1536 2607 Zur
1549 2575 1653 2606 Sache

988 2632 1014 2652 s.
1040 2621 1126 2653 Plut.
1146 2621 1375 2664 Philopoemen
1395 2621 1430 2659 73
1450 2621 1517 2660 vgl.
1537 2620 1653 2662 Polyb.

989 2666 1040 2706 10,
1060 2666 1100 2697 22
1119 2665 1198 2707 (25).

1679 860 1718 893 10

1683 1146 1722 1177 15
