<?xml version="1.0" encoding="UTF-8"?>
<!DOCTYPE html PUBLIC "-//W3C//DTD XHTML 1.0 Transitional//EN"
    "http://www.w3.org/TR/xhtml1/DTD/xhtml1-transitional.dtd">
<html xmlns="http://www.w3.org/1999/xhtml" xml:lang="en" lang="en">
 <head>
  <title>
</title>
<meta http-equiv="Content-Type" content="text/html;charset=utf-8" />
  <meta name='ocr-system' content='tesseract 3.04.00' />
  <meta name='ocr-capabilities' content='ocr_page ocr_carea ocr_par ocr_line ocrx_word'/>
</head>
<body>
  <div class='ocr_page' id='page_1' title='image "./aburbeconditalib0506livyuoft_0450.png"; bbox 0 0 1784 2967; ppageno 0'>
   <div class='ocr_carea' id='block_1_1' title="bbox 251 255 1210 299">
    <p class='ocr_par' dir='ltr' id='par_1_1' title="bbox 251 255 1210 299">
     <span class='ocr_line' id='line_1_1' title="bbox 251 255 1210 299; baseline -0.002 -10"><span class='ocrx_word' id='word_1_1' title='bbox 251 259 303 299; x_wconf 86' lang='lat'><strong>68</strong></span> <span class='ocrx_word' id='word_1_2' title='bbox 698 255 821 288; x_wconf 81' lang='lat' dir='ltr'><strong>LIBER</strong></span> <span class='ocrx_word' id='word_1_3' title='bbox 849 255 991 290; x_wconf 80' lang='lat' dir='ltr'><strong>xxvn.</strong></span> <span class='ocrx_word' id='word_1_4' title='bbox 1039 255 1130 288; x_wconf 79' lang='lat' dir='ltr'><strong>cAP.</strong></span> <span class='ocrx_word' id='word_1_5' title='bbox 1157 255 1210 287; x_wconf 83' lang='lat'><strong>26.</strong></span> 
     </span>
    </p>
   </div>
   <div class='ocr_carea' id='block_1_2' title="bbox 1512 263 1655 297">
    <p class='ocr_par' dir='ltr' id='par_1_2' title="bbox 1512 263 1655 297">
     <span class='ocr_line' id='line_1_2' title="bbox 1512 263 1655 297; baseline 0.014 -8"><span class='ocrx_word' id='word_1_6' title='bbox 1512 271 1537 290; x_wconf 78' lang='lat' dir='ltr'><strong>a.</strong></span> <span class='ocrx_word' id='word_1_7' title='bbox 1550 271 1578 290; x_wconf 90' lang='lat' dir='ltr'><strong>u.</strong></span> <span class='ocrx_word' id='word_1_8' title='bbox 1593 263 1655 297; x_wconf 53' lang='lat'><strong>546.</strong></span> 
     </span>
    </p>
   </div>
   <div class='ocr_carea' id='block_1_3' title="bbox 248 352 1723 406">
    <p class='ocr_par' dir='ltr' id='par_1_3' title="bbox 248 352 1723 406">
     <span class='ocr_line' id='line_1_3' title="bbox 248 352 1723 406; baseline -0.003 -6"><span class='ocrx_word' id='word_1_9' title='bbox 248 365 384 400; x_wconf 85' lang='lat' dir='ltr'><strong>euntes</strong></span> <span class='ocrx_word' id='word_1_10' title='bbox 406 358 572 399; x_wconf 87' lang='lat' dir='ltr'><strong>Romani</strong></span> <span class='ocrx_word' id='word_1_11' title='bbox 601 370 690 398; x_wconf 91' lang='lat' dir='ltr'><strong>cum</strong></span> <span class='ocrx_word' id='word_1_12' title='bbox 716 358 961 405; x_wconf 85' lang='lat' dir='ltr'><strong>incidissent,</strong></span> <span class='ocrx_word' id='word_1_13' title='bbox 991 358 1037 398; x_wconf 86' lang='lat' dir='ltr'><strong>ad</strong></span> <span class='ocrx_word' id='word_1_14' title='bbox 1066 370 1123 397; x_wconf 85' lang='lat' dir='ltr'><strong>MM</strong></span> <span class='ocrx_word' id='word_1_15' title='bbox 1151 362 1390 397; x_wconf 84' lang='lat' dir='ltr'><strong>armatorum</strong></span> <span class='ocrx_word' id='word_1_16' title='bbox 1412 370 1541 406; x_wconf 87' lang='lat' dir='ltr'><strong>caesa,</strong></span> <span class='ocrx_word' id='word_1_17' title='bbox 1572 370 1600 397; x_wconf 73' lang='grc' dir='ltr'><strong>Μ</strong></span> <span class='ocrx_word' id='word_1_18' title='bbox 1621 362 1659 397; x_wconf 85' lang='lat' dir='ltr'><strong>et</strong></span> <span class='ocrx_word' id='word_1_19' title='bbox 1717 352 1723 365; x_wconf 67' lang='lat'>⁸</span> 
     </span>
    </p>
   </div>
   <div class='ocr_carea' id='block_1_4' title="bbox 181 415 1663 1538">
    <p class='ocr_par' dir='ltr' id='par_1_4' title="bbox 249 415 1656 513">
     <span class='ocr_line' id='line_1_4' title="bbox 250 415 1656 468; baseline -0.001 -12"><span class='ocrx_word' id='word_1_20' title='bbox 250 431 271 456; x_wconf 85' lang='lat'><strong>1)</strong></span> <span class='ocrx_word' id='word_1_21' title='bbox 292 418 414 456; x_wconf 85' lang='lat' dir='ltr'><strong>ferme</strong></span> <span class='ocrx_word' id='word_1_22' title='bbox 436 415 507 454; x_wconf 81' lang='lat' dir='ltr'><strong>vivi</strong></span> <span class='ocrx_word' id='word_1_23' title='bbox 529 415 643 467; x_wconf 88' lang='lat' dir='ltr'><strong>capti,</strong></span> <span class='ocrx_word' id='word_1_24' title='bbox 663 415 724 454; x_wconf 89' lang='lat' dir='ltr'><strong>alii</strong></span> <span class='ocrx_word' id='word_1_25' title='bbox 747 416 934 468; x_wconf 86' lang='lat' dir='ltr'><strong>dissupati</strong></span> <span class='ocrx_word' id='word_1_26' title='bbox 954 415 1045 466; x_wconf 84' lang='lat' dir='ltr'><strong>fuga</strong></span> <span class='ocrx_word' id='word_1_27' title='bbox 1065 427 1134 466; x_wconf 91' lang='lat' dir='ltr'><strong>per</strong></span> <span class='ocrx_word' id='word_1_28' title='bbox 1154 426 1268 465; x_wconf 83' lang='lat' dir='ltr'><strong>agros</strong></span> <span class='ocrx_word' id='word_1_29' title='bbox 1291 415 1488 466; x_wconf 80' lang='lat' dir='ltr'><strong>saltusque</strong></span> <span class='ocrx_word' id='word_1_30' title='bbox 1508 415 1656 454; x_wconf 87' lang='lat' dir='ltr'><strong>Taren-</strong></span> 
     </span>
     <span class='ocr_line' id='line_1_5' title="bbox 249 472 512 513; baseline -0.011 0"><span class='ocrx_word' id='word_1_31' title='bbox 249 479 332 513; x_wconf 85' lang='lat' dir='ltr'><strong>tum</strong></span> <span class='ocrx_word' id='word_1_32' title='bbox 353 472 512 511; x_wconf 90' lang='lat' dir='ltr'><strong>rediere.</strong></span> 
     </span>
    </p>

    <p class='ocr_par' dir='ltr' id='par_1_5' title="bbox 201 528 1659 693">
     <span class='ocr_line' id='line_1_6' title="bbox 201 528 1657 576; baseline 0 -9"><span class='ocrx_word' id='word_1_33' title='bbox 201 536 218 566; x_wconf 86' lang='lat'><strong>7</strong></span> <span class='ocrx_word' id='word_1_34' title='bbox 361 529 551 568; x_wconf 89' lang='lat' dir='ltr'><strong>Tumulus</strong></span> <span class='ocrx_word' id='word_1_35' title='bbox 575 533 654 568; x_wconf 88' lang='lat' dir='ltr'><strong>erat</strong></span> <span class='ocrx_word' id='word_1_36' title='bbox 682 529 866 568; x_wconf 90' lang='lat' dir='ltr'><strong>silvestris</strong></span> <span class='ocrx_word' id='word_1_37' title='bbox 897 529 997 568; x_wconf 93' lang='lat' dir='ltr'><strong>inter</strong></span> <span class='ocrx_word' id='word_1_38' title='bbox 1017 528 1161 568; x_wconf 88' lang='lat' dir='ltr'><strong>Punica</strong></span> <span class='ocrx_word' id='word_1_39' title='bbox 1183 533 1220 568; x_wconf 90' lang='lat' dir='ltr'><strong>et</strong></span> <span class='ocrx_word' id='word_1_40' title='bbox 1236 529 1412 568; x_wconf 88' lang='lat' dir='ltr'><strong>Romana</strong></span> <span class='ocrx_word' id='word_1_41' title='bbox 1433 533 1578 576; x_wconf 87' lang='lat' dir='ltr'><strong>castra,</strong></span> <span class='ocrx_word' id='word_1_42' title='bbox 1611 528 1657 567; x_wconf 83' lang='lat' dir='ltr'><strong>ab</strong></span> 
     </span>
     <span class='ocr_line' id='line_1_7' title="bbox 248 585 1659 637; baseline -0.001 -12"><span class='ocrx_word' id='word_1_43' title='bbox 248 585 396 625; x_wconf 84' lang='lat' dir='ltr'><strong>neutris</strong></span> <span class='ocrx_word' id='word_1_44' title='bbox 425 585 552 636; x_wconf 91' lang='lat' dir='ltr'><strong>primo</strong></span> <span class='ocrx_word' id='word_1_45' title='bbox 581 590 813 637; x_wconf 84' lang='lat' dir='ltr'><strong>occupatus,</strong></span> <span class='ocrx_word' id='word_1_46' title='bbox 837 585 927 637; x_wconf 87' lang='lat' dir='ltr'><strong>quia</strong></span> <span class='ocrx_word' id='word_1_47' title='bbox 950 585 1132 633; x_wconf 87' lang='lat' dir='ltr'><strong>Romani,</strong></span> <span class='ocrx_word' id='word_1_48' title='bbox 1156 585 1276 637; x_wconf 86' lang='lat' dir='ltr'><strong>qualis</strong></span> <span class='ocrx_word' id='word_1_49' title='bbox 1304 598 1393 636; x_wconf 84' lang='lat' dir='ltr'><strong>pars</strong></span> <span class='ocrx_word' id='word_1_50' title='bbox 1422 585 1523 631; x_wconf 91' lang='lat' dir='ltr'><strong>eius,</strong></span> <span class='ocrx_word' id='word_1_51' title='bbox 1562 597 1659 635; x_wconf 86' lang='lat' dir='ltr'><strong>quae</strong></span> 
     </span>
     <span class='ocr_line' id='line_1_8' title="bbox 248 640 1659 693; baseline -0.001 -13"><span class='ocrx_word' id='word_1_52' title='bbox 248 647 421 693; x_wconf 86' lang='lat' dir='ltr'><strong>vergeret</strong></span> <span class='ocrx_word' id='word_1_53' title='bbox 440 642 485 680; x_wconf 90' lang='lat' dir='ltr'><strong>ad</strong></span> <span class='ocrx_word' id='word_1_54' title='bbox 507 642 680 681; x_wconf 90' lang='lat' dir='ltr'><strong>hostium</strong></span> <span class='ocrx_word' id='word_1_55' title='bbox 699 647 843 688; x_wconf 84' lang='lat' dir='ltr'><strong>castra,</strong></span> <span class='ocrx_word' id='word_1_56' title='bbox 872 646 991 688; x_wconf 74' lang='lat' dir='ltr'><strong>esset,</strong></span> <span class='ocrx_word' id='word_1_57' title='bbox 1019 641 1265 692; x_wconf 80' lang='lat' dir='ltr'><strong>ignorabant,</strong></span> <span class='ocrx_word' id='word_1_58' title='bbox 1300 641 1489 681; x_wconf 80' lang='lat' dir='ltr'><strong>Hannibal</strong></span> <span class='ocrx_word' id='word_1_59' title='bbox 1508 640 1659 680; x_wconf 88' lang='lat' dir='ltr'><strong>insidiis</strong></span> 
     </span>
    </p>

    <p class='ocr_par' dir='ltr' id='par_1_6' title="bbox 201 697 1661 862">
     <span class='ocr_line' id='line_1_9' title="bbox 201 697 1658 750; baseline -0.001 -13"><span class='ocrx_word' id='word_1_60' title='bbox 201 705 220 737; x_wconf 82' lang='lat'>8</span> <span class='ocrx_word' id='word_1_61' title='bbox 251 712 365 750; x_wconf 86' lang='lat' dir='ltr'><strong>quam</strong></span> <span class='ocrx_word' id='word_1_62' title='bbox 395 699 530 737; x_wconf 87' lang='lat' dir='ltr'><strong>castris</strong></span> <span class='ocrx_word' id='word_1_63' title='bbox 559 698 748 749; x_wconf 80' lang='lat' dir='ltr'><strong>aptiorem</strong></span> <span class='ocrx_word' id='word_1_64' title='bbox 771 710 858 737; x_wconf 89' lang='lat' dir='ltr'><strong>eum</strong></span> <span class='ocrx_word' id='word_1_65' title='bbox 883 698 1107 737; x_wconf 77' lang='lat' dir='ltr'><strong>crediderat.</strong></span> <span class='ocrx_word' id='word_1_66' title='bbox 1150 699 1278 750; x_wconf 87' lang='lat' dir='ltr'><strong>itaque</strong></span> <span class='ocrx_word' id='word_1_67' title='bbox 1299 703 1413 738; x_wconf 88' lang='lat' dir='ltr'><strong>nocte</strong></span> <span class='ocrx_word' id='word_1_68' title='bbox 1435 698 1481 737; x_wconf 89' lang='lat' dir='ltr'><strong>ad</strong></span> <span class='ocrx_word' id='word_1_69' title='bbox 1502 697 1540 737; x_wconf 93' lang='lat' dir='ltr'><strong>id</strong></span> <span class='ocrx_word' id='word_1_70' title='bbox 1563 697 1658 736; x_wconf 88' lang='lat' dir='ltr'><strong>mis-</strong></span> 
     </span>
     <span class='ocr_line' id='line_1_10' title="bbox 251 754 1660 806; baseline -0.001 -12"><span class='ocrx_word' id='word_1_71' title='bbox 251 768 314 794; x_wconf 87' lang='lat' dir='ltr'><strong>sas</strong></span> <span class='ocrx_word' id='word_1_72' title='bbox 342 755 487 806; x_wconf 86' lang='lat' dir='ltr'><strong>aliquot</strong></span> <span class='ocrx_word' id='word_1_73' title='bbox 507 755 761 793; x_wconf 83' lang='lat' dir='ltr'><strong>Numidarum</strong></span> <span class='ocrx_word' id='word_1_74' title='bbox 783 760 933 793; x_wconf 87' lang='lat' dir='ltr'><strong>turmas</strong></span> <span class='ocrx_word' id='word_1_75' title='bbox 955 754 1082 792; x_wconf 88' lang='lat' dir='ltr'><strong>medio</strong></span> <span class='ocrx_word' id='word_1_76' title='bbox 1104 755 1142 793; x_wconf 92' lang='lat' dir='ltr'><strong>in</strong></span> <span class='ocrx_word' id='word_1_77' title='bbox 1165 755 1264 794; x_wconf 88' lang='lat' dir='ltr'><strong>saltu</strong></span> <span class='ocrx_word' id='word_1_78' title='bbox 1288 755 1529 801; x_wconf 83' lang='lat' dir='ltr'><strong>condiderat,</strong></span> <span class='ocrx_word' id='word_1_79' title='bbox 1560 767 1660 805; x_wconf 93' lang='lat' dir='ltr'><strong>quo-</strong></span> 
     </span>
     <span class='ocr_line' id='line_1_11' title="bbox 249 810 1661 862; baseline -0.001 -12"><span class='ocrx_word' id='word_1_80' title='bbox 249 824 336 850; x_wconf 91' lang='lat' dir='ltr'><strong>rum</strong></span> <span class='ocrx_word' id='word_1_81' title='bbox 363 811 528 850; x_wconf 87' lang='lat' dir='ltr'><strong>interdiu</strong></span> <span class='ocrx_word' id='word_1_82' title='bbox 552 823 668 849; x_wconf 88' lang='lat' dir='ltr'><strong>nemo</strong></span> <span class='ocrx_word' id='word_1_83' title='bbox 696 811 741 849; x_wconf 88' lang='lat' dir='ltr'><strong>ab</strong></span> <span class='ocrx_word' id='word_1_84' title='bbox 770 810 936 849; x_wconf 85' lang='lat' dir='ltr'><strong>statione</strong></span> <span class='ocrx_word' id='word_1_85' title='bbox 957 811 1202 858; x_wconf 88' lang='lat' dir='ltr'><strong>movebatur,</strong></span> <span class='ocrx_word' id='word_1_86' title='bbox 1219 823 1268 850; x_wconf 90' lang='lat' dir='ltr'><strong>ne</strong></span> <span class='ocrx_word' id='word_1_87' title='bbox 1290 816 1355 850; x_wconf 89' lang='lat' dir='ltr'><strong>aut</strong></span> <span class='ocrx_word' id='word_1_88' title='bbox 1375 824 1480 850; x_wconf 88' lang='lat' dir='ltr'><strong>arma</strong></span> <span class='ocrx_word' id='word_1_89' title='bbox 1503 815 1567 850; x_wconf 88' lang='lat' dir='ltr'><strong>aut</strong></span> <span class='ocrx_word' id='word_1_90' title='bbox 1587 810 1661 862; x_wconf 89' lang='lat' dir='ltr'><strong>ipsi</strong></span> 
     </span>
    </p>

    <p class='ocr_par' dir='ltr' id='par_1_7' title="bbox 200 867 1659 1032">
     <span class='ocr_line' id='line_1_12' title="bbox 200 867 1658 919; baseline -0.001 -12"><span class='ocrx_word' id='word_1_91' title='bbox 200 876 219 907; x_wconf 83' lang='lat'>9</span> <span class='ocrx_word' id='word_1_92' title='bbox 250 868 385 919; x_wconf 90' lang='lat' dir='ltr'><strong>procul</strong></span> <span class='ocrx_word' id='word_1_93' title='bbox 415 867 743 917; x_wconf 81' lang='lat' dir='ltr'><strong>conspicerentur.</strong></span> <span class='ocrx_word' id='word_1_94' title='bbox 785 867 1006 906; x_wconf 86' lang='lat' dir='ltr'><strong>fremebant</strong></span> <span class='ocrx_word' id='word_1_95' title='bbox 1025 867 1137 918; x_wconf 85' lang='lat' dir='ltr'><strong>vulgo</strong></span> <span class='ocrx_word' id='word_1_96' title='bbox 1159 867 1197 905; x_wconf 93' lang='lat' dir='ltr'><strong>in</strong></span> <span class='ocrx_word' id='word_1_97' title='bbox 1221 867 1358 906; x_wconf 88' lang='lat' dir='ltr'><strong>castris</strong></span> <span class='ocrx_word' id='word_1_98' title='bbox 1380 867 1569 907; x_wconf 90' lang='lat' dir='ltr'><strong>Romanis</strong></span> <span class='ocrx_word' id='word_1_99' title='bbox 1592 879 1658 905; x_wconf 91' lang='lat' dir='ltr'><strong>oc-</strong></span> 
     </span>
     <span class='ocr_line' id='line_1_13' title="bbox 249 923 1659 975; baseline -0.001 -12"><span class='ocrx_word' id='word_1_100' title='bbox 249 924 472 975; x_wconf 86' lang='lat' dir='ltr'><strong>cupandum</strong></span> <span class='ocrx_word' id='word_1_101' title='bbox 490 936 577 962; x_wconf 88' lang='lat' dir='ltr'><strong>eum</strong></span> <span class='ocrx_word' id='word_1_102' title='bbox 599 924 792 962; x_wconf 85' lang='lat' dir='ltr'><strong>tumulum</strong></span> <span class='ocrx_word' id='word_1_103' title='bbox 813 936 901 962; x_wconf 89' lang='lat' dir='ltr'><strong>esse</strong></span> <span class='ocrx_word' id='word_1_104' title='bbox 923 928 959 962; x_wconf 86' lang='lat' dir='ltr'><strong>et</strong></span> <span class='ocrx_word' id='word_1_105' title='bbox 980 924 1132 962; x_wconf 87' lang='lat' dir='ltr'><strong>castello</strong></span> <span class='ocrx_word' id='word_1_106' title='bbox 1156 924 1410 972; x_wconf 87' lang='lat' dir='ltr'><strong>firmandum,</strong></span> <span class='ocrx_word' id='word_1_107' title='bbox 1441 936 1508 970; x_wconf 91' lang='lat' dir='ltr'><strong>ne,</strong></span> <span class='ocrx_word' id='word_1_108' title='bbox 1536 923 1568 962; x_wconf 89' lang='lat' dir='ltr'><strong>si</strong></span> <span class='ocrx_word' id='word_1_109' title='bbox 1591 936 1659 962; x_wconf 90' lang='lat' dir='ltr'><strong>oc-</strong></span> 
     </span>
     <span class='ocr_line' id='line_1_14' title="bbox 250 979 1658 1032; baseline -0.002 -12"><span class='ocrx_word' id='word_1_110' title='bbox 250 986 410 1032; x_wconf 87' lang='lat' dir='ltr'><strong>cupatus</strong></span> <span class='ocrx_word' id='word_1_111' title='bbox 433 980 479 1018; x_wconf 91' lang='lat' dir='ltr'><strong>ab</strong></span> <span class='ocrx_word' id='word_1_112' title='bbox 497 979 708 1018; x_wconf 85' lang='lat' dir='ltr'><strong>Hannibale</strong></span> <span class='ocrx_word' id='word_1_113' title='bbox 728 979 846 1026; x_wconf 87' lang='lat' dir='ltr'><strong>foret,</strong></span> <span class='ocrx_word' id='word_1_114' title='bbox 870 979 972 1018; x_wconf 87' lang='lat' dir='ltr'><strong>velut</strong></span> <span class='ocrx_word' id='word_1_115' title='bbox 993 980 1032 1017; x_wconf 94' lang='lat' dir='ltr'><strong>in</strong></span> <span class='ocrx_word' id='word_1_116' title='bbox 1055 980 1265 1018; x_wconf 88' lang='lat' dir='ltr'><strong>cervicibus</strong></span> <span class='ocrx_word' id='word_1_117' title='bbox 1287 980 1474 1019; x_wconf 86' lang='lat' dir='ltr'><strong>haberent</strong></span> <span class='ocrx_word' id='word_1_118' title='bbox 1492 981 1658 1019; x_wconf 90' lang='lat' dir='ltr'><strong>hostem.</strong></span> 
     </span>
    </p>

    <p class='ocr_par' dir='ltr' id='par_1_8' title="bbox 181 1035 1663 1538">
     <span class='ocr_line' id='line_1_15' title="bbox 182 1035 1660 1087; baseline -0.001 -11"><span class='ocrx_word' id='word_1_119' title='bbox 182 1048 221 1079; x_wconf 86' lang='lat'><strong>10</strong></span> <span class='ocrx_word' id='word_1_120' title='bbox 251 1037 373 1075; x_wconf 90' lang='lat' dir='ltr'><strong>movit</strong></span> <span class='ocrx_word' id='word_1_121' title='bbox 401 1050 443 1075; x_wconf 86' lang='lat' dir='ltr'><strong>ea</strong></span> <span class='ocrx_word' id='word_1_122' title='bbox 470 1049 532 1074; x_wconf 91' lang='lat' dir='ltr'><strong>res</strong></span> <span class='ocrx_word' id='word_1_123' title='bbox 561 1036 798 1082; x_wconf 83' lang='lat' dir='ltr'><strong>Marcellum,</strong></span> <span class='ocrx_word' id='word_1_124' title='bbox 831 1041 867 1075; x_wconf 85' lang='lat' dir='ltr'><strong>et</strong></span> <span class='ocrx_word' id='word_1_125' title='bbox 896 1036 1077 1086; x_wconf 80' lang='lat' dir='ltr'><strong>conlegae</strong></span> <span class='ocrx_word' id='word_1_126' title='bbox 1105 1037 1224 1087; x_wconf 86' lang='lat' dir='ltr'><strong>„quin</strong></span> <span class='ocrx_word' id='word_1_127' title='bbox 1253 1037 1380 1075; x_wconf 89' lang='lat' dir='ltr'><strong>imus“</strong></span> <span class='ocrx_word' id='word_1_128' title='bbox 1409 1036 1534 1087; x_wconf 88' lang='lat' dir='ltr'><strong>inquit</strong></span> <span class='ocrx_word' id='word_1_129' title='bbox 1561 1035 1660 1087; x_wconf 89' lang='lat' dir='ltr'><strong>„ipsi</strong></span> 
     </span>
     <span class='ocr_line' id='line_1_16' title="bbox 251 1091 1660 1144; baseline -0.001 -12"><span class='ocrx_word' id='word_1_130' title='bbox 251 1106 339 1132; x_wconf 89' lang='lat' dir='ltr'><strong>cum</strong></span> <span class='ocrx_word' id='word_1_131' title='bbox 368 1093 559 1143; x_wconf 89' lang='lat' dir='ltr'><strong>equitibus</strong></span> <span class='ocrx_word' id='word_1_132' title='bbox 588 1093 721 1143; x_wconf 85' lang='lat' dir='ltr'><strong>paucis</strong></span> <span class='ocrx_word' id='word_1_133' title='bbox 750 1091 1026 1144; x_wconf 70' lang='lat' dir='ltr'><strong>exploratum?</strong></span> <span class='ocrx_word' id='word_1_134' title='bbox 1065 1092 1239 1131; x_wconf 85' lang='lat' dir='ltr'><strong>subiecta</strong></span> <span class='ocrx_word' id='word_1_135' title='bbox 1269 1105 1333 1131; x_wconf 91' lang='lat' dir='ltr'><strong>res</strong></span> <span class='ocrx_word' id='word_1_136' title='bbox 1365 1093 1486 1132; x_wconf 88' lang='lat' dir='ltr'><strong>oculis</strong></span> <span class='ocrx_word' id='word_1_137' title='bbox 1513 1092 1660 1131; x_wconf 85' lang='lat' dir='ltr'><strong>nostris</strong></span> 
     </span>
     <span class='ocr_line' id='line_1_17' title="bbox 182 1148 1661 1200; baseline -0.003 -9"><span class='ocrx_word' id='word_1_138' title='bbox 182 1159 217 1191; x_wconf 86' lang='lat'><strong>11</strong></span> <span class='ocrx_word' id='word_1_139' title='bbox 251 1150 391 1189; x_wconf 74' lang='lat' dir='ltr'><strong>certIus</strong></span> <span class='ocrx_word' id='word_1_140' title='bbox 430 1149 533 1188; x_wconf 85' lang='lat' dir='ltr'><strong>dabit</strong></span> <span class='ocrx_word' id='word_1_141' title='bbox 562 1149 806 1188; x_wconf 50' lang='lat' dir='ltr'><strong>consilium&amp;</strong></span> <span class='ocrx_word' id='word_1_142' title='bbox 854 1149 1111 1187; x_wconf 86' lang='lat' dir='ltr'><strong>consentienti</strong></span> <span class='ocrx_word' id='word_1_143' title='bbox 1139 1148 1319 1200; x_wconf 89' lang='lat' dir='ltr'><strong>Crispino</strong></span> <span class='ocrx_word' id='word_1_144' title='bbox 1351 1161 1438 1188; x_wconf 91' lang='lat' dir='ltr'><strong>cum</strong></span> <span class='ocrx_word' id='word_1_145' title='bbox 1466 1149 1661 1200; x_wconf 85' lang='lat' dir='ltr'><strong>equitibus</strong></span> 
     </span>
     <span class='ocr_line' id='line_1_18' title="bbox 251 1205 1662 1256; baseline 0 -12"><span class='ocrx_word' id='word_1_146' title='bbox 251 1219 357 1252; x_wconf 81' lang='lat' dir='ltr'><strong>ccxx,</strong></span> <span class='ocrx_word' id='word_1_147' title='bbox 376 1219 420 1244; x_wconf 88' lang='lat' dir='ltr'><strong>ex</strong></span> <span class='ocrx_word' id='word_1_148' title='bbox 443 1206 581 1256; x_wconf 84' lang='lat' dir='ltr'><strong>quibus</strong></span> <span class='ocrx_word' id='word_1_149' title='bbox 604 1206 853 1256; x_wconf 80' lang='lat' dir='ltr'><strong>quadraginta</strong></span> <span class='ocrx_word' id='word_1_150' title='bbox 875 1205 1099 1256; x_wconf 84' lang='lat' dir='ltr'><strong>Fregellani,</strong></span> <span class='ocrx_word' id='word_1_151' title='bbox 1118 1207 1232 1244; x_wconf 86' lang='lat' dir='ltr'><strong>ceteri</strong></span> <span class='ocrx_word' id='word_1_152' title='bbox 1249 1205 1403 1244; x_wconf 88' lang='lat' dir='ltr'><strong>Etrusci</strong></span> <span class='ocrx_word' id='word_1_153' title='bbox 1425 1210 1545 1251; x_wconf 84' lang='lat' dir='ltr'><strong>erant,</strong></span> <span class='ocrx_word' id='word_1_154' title='bbox 1567 1217 1662 1256; x_wconf 86' lang='lat' dir='ltr'><strong>pro·</strong></span> 
     </span>
     <span class='ocr_line' id='line_1_19' title="bbox 182 1261 1661 1308; baseline -0.003 -5"><span class='ocrx_word' id='word_1_155' title='bbox 182 1273 221 1304; x_wconf 85' lang='lat'><strong>12</strong></span> <span class='ocrx_word' id='word_1_156' title='bbox 251 1263 496 1308; x_wconf 69' lang='lat' dir='ltr'><strong>ficiscuntur,</strong></span> <span class='ocrx_word' id='word_1_157' title='bbox 533 1262 652 1300; x_wconf 84' lang='lat' dir='ltr'><strong>secuti</strong></span> <span class='ocrx_word' id='word_1_158' title='bbox 688 1262 833 1300; x_wconf 87' lang='lat' dir='ltr'><strong>tribuni</strong></span> <span class='ocrx_word' id='word_1_159' title='bbox 861 1261 1026 1300; x_wconf 89' lang='lat' dir='ltr'><strong>militum</strong></span> <span class='ocrx_word' id='word_1_160' title='bbox 1057 1262 1104 1300; x_wconf 88' lang='lat' dir='ltr'><strong>M.</strong></span> <span class='ocrx_word' id='word_1_161' title='bbox 1134 1262 1333 1300; x_wconf 89' lang='lat' dir='ltr'><strong>Marcellus</strong></span> <span class='ocrx_word' id='word_1_162' title='bbox 1362 1262 1533 1301; x_wconf 90' lang='lat' dir='ltr'><strong>consulis</strong></span> <span class='ocrx_word' id='word_1_163' title='bbox 1562 1261 1661 1300; x_wconf 89' lang='lat' dir='ltr'><strong>filius</strong></span> 
     </span>
     <span class='ocr_line' id='line_1_20' title="bbox 250 1317 1663 1368; baseline -0.001 -11"><span class='ocrx_word' id='word_1_164' title='bbox 250 1324 286 1357; x_wconf 85' lang='lat' dir='ltr'><strong>et</strong></span> <span class='ocrx_word' id='word_1_165' title='bbox 321 1322 363 1357; x_wconf 90' lang='lat' dir='ltr'><strong>A.</strong></span> <span class='ocrx_word' id='word_1_166' title='bbox 381 1318 563 1364; x_wconf 86' lang='lat' dir='ltr'><strong>Manlius,</strong></span> <span class='ocrx_word' id='word_1_167' title='bbox 603 1318 718 1356; x_wconf 91' lang='lat' dir='ltr'><strong>simul</strong></span> <span class='ocrx_word' id='word_1_168' title='bbox 753 1324 789 1357; x_wconf 90' lang='lat' dir='ltr'><strong>et</strong></span> <span class='ocrx_word' id='word_1_169' title='bbox 825 1319 901 1357; x_wconf 91' lang='lat' dir='ltr'><strong>duo</strong></span> <span class='ocrx_word' id='word_1_170' title='bbox 938 1318 1119 1368; x_wconf 84' lang='lat' dir='ltr'><strong>praefecti</strong></span> <span class='ocrx_word' id='word_1_171' title='bbox 1156 1318 1306 1356; x_wconf 91' lang='lat' dir='ltr'><strong>socium</strong></span> <span class='ocrx_word' id='word_1_172' title='bbox 1344 1319 1384 1357; x_wconf 96' lang='lat' dir='ltr'><strong>L.</strong></span> <span class='ocrx_word' id='word_1_173' title='bbox 1414 1317 1598 1357; x_wconf 88' lang='lat' dir='ltr'><strong>Arrenius</strong></span> <span class='ocrx_word' id='word_1_174' title='bbox 1626 1322 1663 1355; x_wconf 90' lang='lat' dir='ltr'><strong>et</strong></span> 
     </span>
     <span class='ocr_line' id='line_1_21' title="bbox 181 1374 1663 1425; baseline -0.003 -10"><span class='ocrx_word' id='word_1_175' title='bbox 181 1385 220 1416; x_wconf 88' lang='grc'><strong>13</strong></span> <span class='ocrx_word' id='word_1_176' title='bbox 250 1375 309 1413; x_wconf 81' lang='lat' dir='ltr'><strong>M&#39;.</strong></span> <span class='ocrx_word' id='word_1_177' title='bbox 333 1375 477 1413; x_wconf 87' lang='lat' dir='ltr'><strong>Aulius.</strong></span> <span class='ocrx_word' id='word_1_178' title='bbox 520 1375 743 1413; x_wconf 86' lang='lat' dir='ltr'><strong>immolasse</strong></span> <span class='ocrx_word' id='word_1_179' title='bbox 770 1387 815 1413; x_wconf 90' lang='lat' dir='ltr'><strong>eo</strong></span> <span class='ocrx_word' id='word_1_180' title='bbox 845 1374 904 1413; x_wconf 90' lang='lat' dir='ltr'><strong>die</strong></span> <span class='ocrx_word' id='word_1_181' title='bbox 926 1374 1081 1425; x_wconf 90' lang='lat' dir='ltr'><strong>quidam</strong></span> <span class='ocrx_word' id='word_1_182' title='bbox 1104 1374 1310 1424; x_wconf 89' lang='lat' dir='ltr'><strong>prodidere</strong></span> <span class='ocrx_word' id='word_1_183' title='bbox 1331 1374 1542 1413; x_wconf 89' lang='lat' dir='ltr'><strong>memoriae</strong></span> <span class='ocrx_word' id='word_1_184' title='bbox 1565 1385 1663 1412; x_wconf 89' lang='lat' dir='ltr'><strong>con-</strong></span> 
     </span>
     <span class='ocr_line' id='line_1_22' title="bbox 251 1430 1661 1482; baseline -0.001 -12"><span class='ocrx_word' id='word_1_185' title='bbox 251 1431 376 1470; x_wconf 89' lang='lat' dir='ltr'><strong>sulem</strong></span> <span class='ocrx_word' id='word_1_186' title='bbox 405 1431 642 1477; x_wconf 84' lang='lat' dir='ltr'><strong>Marcellum,</strong></span> <span class='ocrx_word' id='word_1_187' title='bbox 680 1436 717 1470; x_wconf 89' lang='lat' dir='ltr'><strong>et</strong></span> <span class='ocrx_word' id='word_1_188' title='bbox 751 1431 874 1482; x_wconf 86' lang='lat' dir='ltr'><strong>prima</strong></span> <span class='ocrx_word' id='word_1_189' title='bbox 911 1431 1036 1469; x_wconf 85' lang='lat' dir='ltr'><strong>hostia</strong></span> <span class='ocrx_word' id='word_1_190' title='bbox 1065 1443 1174 1469; x_wconf 85' lang='lat' dir='ltr'><strong>caesa</strong></span> <span class='ocrx_word' id='word_1_191' title='bbox 1201 1430 1310 1469; x_wconf 90' lang='lat' dir='ltr'><strong>iocur</strong></span> <span class='ocrx_word' id='word_1_192' title='bbox 1340 1431 1423 1469; x_wconf 89' lang='lat' dir='ltr'><strong>sine</strong></span> <span class='ocrx_word' id='word_1_193' title='bbox 1451 1431 1574 1482; x_wconf 90' lang='lat' dir='ltr'><strong>capite</strong></span> <span class='ocrx_word' id='word_1_194' title='bbox 1600 1430 1661 1469; x_wconf 90' lang='lat' dir='ltr'><strong>in-</strong></span> 
     </span>
     <span class='ocr_line' id='line_1_23' title="bbox 181 1486 1661 1538; baseline -0.002 -10"><span class='ocrx_word' id='word_1_195' title='bbox 181 1498 221 1529; x_wconf 81' lang='lat'><strong>14</strong></span> <span class='ocrx_word' id='word_1_196' title='bbox 252 1493 424 1534; x_wconf 87' lang='lat' dir='ltr'><strong>ventum,</strong></span> <span class='ocrx_word' id='word_1_197' title='bbox 455 1487 494 1525; x_wconf 86' lang='lat' dir='ltr'><strong>in</strong></span> <span class='ocrx_word' id='word_1_198' title='bbox 522 1487 690 1526; x_wconf 90' lang='lat' dir='ltr'><strong>secunda</strong></span> <span class='ocrx_word' id='word_1_199' title='bbox 719 1487 848 1526; x_wconf 87' lang='lat' dir='ltr'><strong>omnia</strong></span> <span class='ocrx_word' id='word_1_200' title='bbox 876 1487 1130 1538; x_wconf 85' lang='lat' dir='ltr'><strong>conparuisse</strong></span> <span class='ocrx_word' id='word_1_201' title='bbox 1159 1499 1256 1537; x_wconf 85' lang='lat' dir='ltr'><strong>quae</strong></span> <span class='ocrx_word' id='word_1_202' title='bbox 1278 1486 1471 1532; x_wconf 85' lang='lat' dir='ltr'><strong>adsolent,</strong></span> <span class='ocrx_word' id='word_1_203' title='bbox 1506 1491 1661 1526; x_wconf 88' lang='lat' dir='ltr'><strong>auctum</strong></span> 
     </span>
    </p>
   </div>
   <div class='ocr_carea' id='block_1_5' title="bbox 249 1644 921 1684">
    <p class='ocr_par' dir='ltr' id='par_1_9' title="bbox 249 1644 921 1684">
     <span class='ocr_line' id='line_1_24' title="bbox 249 1644 921 1684; baseline 0 -9"><span class='ocrx_word' id='word_1_204' title='bbox 249 1645 354 1684; x_wconf 85' lang='lat' dir='ltr'><strong>hange</strong></span> <span class='ocrx_word' id='word_1_205' title='bbox 378 1644 459 1675; x_wconf 90' lang='lat' dir='ltr'><strong>auch</strong></span> <span class='ocrx_word' id='word_1_206' title='bbox 483 1645 542 1675; x_wconf 90' lang='lat' dir='ltr'><strong>der</strong></span> <span class='ocrx_word' id='word_1_207' title='bbox 564 1644 605 1675; x_wconf 85' lang='lat' dir='ltr'><strong>im</strong></span> <span class='ocrx_word' id='word_1_208' title='bbox 630 1644 723 1684; x_wconf 85' lang='lat' dir='ltr'><strong>Folg.</strong></span> <span class='ocrx_word' id='word_1_209' title='bbox 749 1644 921 1675; x_wconf 67' lang='lat' dir='ltr'><strong>erwiihnte</strong></span> 
     </span>
    </p>
   </div>
   <div class='ocr_carea' id='block_1_6' title="bbox 251 1640 1662 1721">
    <p class='ocr_par' dir='ltr' id='par_1_10' title="bbox 251 1640 1662 1721">
     <span class='ocr_line' id='line_1_25' title="bbox 993 1640 1662 1695; baseline 0.002 -21"><span class='ocrx_word' id='word_1_210' title='bbox 993 1640 1179 1694; x_wconf 65' lang='grc' dir='ltr'><strong>ἀπαλαβόι</strong></span> <span class='ocrx_word' id='word_1_211' title='bbox 1184 1653 1237 1679; x_wconf 83' lang='grc' dir='ltr'><strong>τες</strong></span> <span class='ocrx_word' id='word_1_212' title='bbox 1272 1644 1350 1679; x_wconf 79' lang='grc' dir='ltr'><strong><em>ἴλας</em></strong></span> <span class='ocrx_word' id='word_1_213' title='bbox 1378 1640 1447 1675; x_wconf 77' lang='grc' dir='ltr'><strong>δύο</strong></span> <span class='ocrx_word' id='word_1_214' title='bbox 1482 1643 1543 1675; x_wconf 85' lang='grc' dir='ltr'><strong>καὶ</strong></span> <span class='ocrx_word' id='word_1_215' title='bbox 1574 1655 1662 1695; x_wconf 77' lang='grc' dir='ltr'><em>γρο-</em></span> 
     </span>
     <span class='ocr_line' id='line_1_26' title="bbox 251 1689 674 1721; baseline -0.002 0"><span class='ocrx_word' id='word_1_216' title='bbox 251 1689 402 1721; x_wconf 72' lang='lat' dir='ltr'><strong>tumulus</strong></span> <span class='ocrx_word' id='word_1_217' title='bbox 420 1700 461 1720; x_wconf 92' lang='lat' dir='ltr'><strong>zu</strong></span> <span class='ocrx_word' id='word_1_218' title='bbox 479 1690 600 1721; x_wconf 87' lang='lat' dir='ltr'><strong>suchen</strong></span> <span class='ocrx_word' id='word_1_219' title='bbox 620 1690 674 1721; x_wconf 87' lang='lat' dir='ltr'><strong>ist.</strong></span> 
     </span>
    </p>
   </div>
   <div class='ocr_carea' id='block_1_7' title="bbox 993 1684 1666 1912">
    <p class='ocr_par' dir='ltr' id='par_1_11' title="bbox 993 1684 1666 1912">
     <span class='ocr_line' id='line_1_27' title="bbox 995 1684 1663 1740; baseline 0 -21"><span class='ocrx_word' id='word_1_220' title='bbox 995 1684 1215 1732; x_wconf 71' lang='grc' dir='ltr'><em>σφομιὲχους</em></span> <span class='ocrx_word' id='word_1_221' title='bbox 1249 1685 1342 1740; x_wconf 79' lang='grc' dir='ltr'><em>μετὰ</em></span> <span class='ocrx_word' id='word_1_222' title='bbox 1376 1689 1448 1721; x_wconf 82' lang='grc' dir='ltr'><strong>τῶν</strong></span> <span class='ocrx_word' id='word_1_223' title='bbox 1476 1685 1663 1734; x_wconf 73' lang='grc' dir='ltr'><em>ῥαβδοφό-</em></span> 
     </span>
     <span class='ocr_line' id='line_1_28' title="bbox 995 1731 1664 1777; baseline 0.001 -13"><span class='ocrx_word' id='word_1_224' title='bbox 995 1744 1068 1777; x_wconf 78' lang='grc' dir='ltr'><strong>ρων</strong></span> <span class='ocrx_word' id='word_1_225' title='bbox 1110 1734 1159 1770; x_wconf 80' lang='grc' dir='ltr'><strong>εἰς</strong></span> <span class='ocrx_word' id='word_1_226' title='bbox 1200 1731 1408 1776; x_wconf 77' lang='grc' dir='ltr'><em>τριάκοντα.</em></span> <span class='ocrx_word' id='word_1_227' title='bbox 1441 1752 1483 1756; x_wconf 87' lang='lat'><strong>—-</strong></span> <span class='ocrx_word' id='word_1_228' title='bbox 1516 1733 1664 1773; x_wconf 67' lang='lat' dir='ltr'><strong>Etru-501,</strong></span> 
     </span>
     <span class='ocr_line' id='line_1_29' title="bbox 994 1779 1666 1811; baseline 0 -1"><span class='ocrx_word' id='word_1_229' title='bbox 994 1779 1265 1810; x_wconf 85' lang='lat' dir='ltr'><strong>wahrscheinlich</strong></span> <span class='ocrx_word' id='word_1_230' title='bbox 1292 1779 1414 1811; x_wconf 84' lang='lat' dir='ltr'><strong>stellen</strong></span> <span class='ocrx_word' id='word_1_231' title='bbox 1440 1779 1488 1811; x_wconf 90' lang='lat' dir='ltr'><strong>sie</strong></span> <span class='ocrx_word' id='word_1_232' title='bbox 1513 1780 1593 1810; x_wconf 85' lang='lat' dir='ltr'><strong>nach</strong></span> <span class='ocrx_word' id='word_1_233' title='bbox 1618 1779 1666 1810; x_wconf 89' lang='lat' dir='ltr'><strong>ei-</strong></span> 
     </span>
     <span class='ocr_line' id='line_1_30' title="bbox 995 1824 1665 1865; baseline -0.001 -10"><span class='ocrx_word' id='word_1_234' title='bbox 995 1834 1067 1855; x_wconf 83' lang='lat' dir='ltr'><strong>neiu</strong></span> <span class='ocrx_word' id='word_1_235' title='bbox 1086 1824 1264 1865; x_wconf 79' lang='lat' dir='ltr'><strong>Biindniss,</strong></span> <span class='ocrx_word' id='word_1_236' title='bbox 1282 1825 1339 1855; x_wconf 88' lang='lat' dir='ltr'><strong>das</strong></span> <span class='ocrx_word' id='word_1_237' title='bbox 1359 1825 1439 1856; x_wconf 84' lang='lat' dir='ltr'><strong>nach</strong></span> <span class='ocrx_word' id='word_1_238' title='bbox 1457 1825 1530 1856; x_wconf 89' lang='lat' dir='ltr'><strong>dem</strong></span> <span class='ocrx_word' id='word_1_239' title='bbox 1548 1824 1665 1864; x_wconf 84' lang='lat' dir='ltr'><strong>Abzug</strong></span> 
     </span>
     <span class='ocr_line' id='line_1_31' title="bbox 993 1868 1663 1912; baseline -0.001 -12"><span class='ocrx_word' id='word_1_240' title='bbox 993 1870 1051 1900; x_wconf 91' lang='lat' dir='ltr'><strong>des</strong></span> <span class='ocrx_word' id='word_1_241' title='bbox 1071 1869 1219 1911; x_wconf 72' lang='lat' dir='ltr'><strong>Pyrrhus</strong></span> <span class='ocrx_word' id='word_1_242' title='bbox 1238 1874 1367 1909; x_wconf 89' lang='lat' dir='ltr'><strong>erneut,</strong></span> <span class='ocrx_word' id='word_1_243' title='bbox 1386 1879 1412 1901; x_wconf 81' lang='lat' dir='ltr'><strong>S.</strong></span> <span class='ocrx_word' id='word_1_244' title='bbox 1427 1869 1544 1912; x_wconf 74' lang='lat' dir='ltr'><strong>Polyb.</strong></span> <span class='ocrx_word' id='word_1_245' title='bbox 1559 1869 1589 1909; x_wconf 87' lang='lat'><strong>2,</strong></span> <span class='ocrx_word' id='word_1_246' title='bbox 1609 1868 1663 1909; x_wconf 89' lang='lat'><strong>20,</strong></span> 
     </span>
    </p>
   </div>
   <div class='ocr_carea' id='block_1_8' title="bbox 248 1734 922 1911">
    <p class='ocr_par' dir='ltr' id='par_1_12' title="bbox 248 1734 922 1911">
     <span class='ocr_line' id='line_1_32' title="bbox 296 1734 921 1776; baseline -0.002 -10"><span class='ocrx_word' id='word_1_247' title='bbox 296 1734 405 1766; x_wconf 78' lang='lat'>7—8.</span> <span class='ocrx_word' id='word_1_248' title='bbox 433 1734 610 1776; x_wconf 77' lang='lat' dir='ltr'><strong>credider.‚</strong></span> <span class='ocrx_word' id='word_1_249' title='bbox 638 1745 664 1766; x_wconf 90' lang='lat' dir='ltr'><strong>s.</strong></span> <span class='ocrx_word' id='word_1_250' title='bbox 683 1734 717 1774; x_wconf 85' lang='lat'><strong>2,</strong></span> <span class='ocrx_word' id='word_1_251' title='bbox 746 1734 803 1773; x_wconf 82' lang='lat'><strong>18,</strong></span> <span class='ocrx_word' id='word_1_252' title='bbox 828 1734 858 1765; x_wconf 85' lang='lat'><strong>9.</strong></span> <span class='ocrx_word' id='word_1_253' title='bbox 877 1752 921 1756; x_wconf 97' lang='lat'><strong>—</strong></span> 
     </span>
     <span class='ocr_line' id='line_1_33' title="bbox 249 1779 919 1821; baseline -0.003 -10"><span class='ocrx_word' id='word_1_254' title='bbox 249 1779 359 1811; x_wconf 81' lang='lat' dir='ltr'><strong>medio</strong></span> <span class='ocrx_word' id='word_1_255' title='bbox 375 1781 407 1810; x_wconf 70' lang='lat' dir='ltr'><strong>in</strong></span> <span class='ocrx_word' id='word_1_256' title='bbox 426 1791 470 1821; x_wconf 74' lang='grc'>3.,</span> <span class='ocrx_word' id='word_1_257' title='bbox 497 1791 524 1811; x_wconf 90' lang='lat' dir='ltr'><strong>s.</strong></span> <span class='ocrx_word' id='word_1_258' title='bbox 543 1779 610 1810; x_wconf 89' lang='lat' dir='ltr'><strong>Cic.</strong></span> <span class='ocrx_word' id='word_1_259' title='bbox 631 1779 688 1811; x_wconf 87' lang='lat' dir='ltr'><strong>Or.</strong></span> <span class='ocrx_word' id='word_1_260' title='bbox 712 1780 746 1819; x_wconf 93' lang='lat'><strong>1,</strong></span> <span class='ocrx_word' id='word_1_261' title='bbox 765 1779 817 1818; x_wconf 81' lang='lat'><strong>34,</strong></span> <span class='ocrx_word' id='word_1_262' title='bbox 842 1779 919 1809; x_wconf 83' lang='lat'><strong>157:</strong></span> 
     </span>
     <span class='ocr_line' id='line_1_34' title="bbox 248 1825 922 1866; baseline -0.001 -10"><span class='ocrx_word' id='word_1_263' title='bbox 248 1825 398 1856; x_wconf 76' lang='lat' dir='ltr'><strong>medium</strong></span> <span class='ocrx_word' id='word_1_264' title='bbox 415 1826 449 1855; x_wconf 72' lang='lat' dir='ltr'><strong>in</strong></span> <span class='ocrx_word' id='word_1_265' title='bbox 463 1836 597 1866; x_wconf 74' lang='lat' dir='ltr'><strong>agmen,</strong></span> <span class='ocrx_word' id='word_1_266' title='bbox 613 1825 818 1864; x_wconf 76' lang='lat' dir='ltr'><strong>gewiihnlich</strong></span> <span class='ocrx_word' id='word_1_267' title='bbox 833 1825 922 1855; x_wconf 82' lang='lat' dir='ltr'><strong>steht</strong></span> 
     </span>
     <span class='ocr_line' id='line_1_35' title="bbox 250 1869 921 1911; baseline -0.003 -10"><span class='ocrx_word' id='word_1_268' title='bbox 250 1871 302 1901; x_wconf 85' lang='lat' dir='ltr'><strong>die</strong></span> <span class='ocrx_word' id='word_1_269' title='bbox 321 1880 471 1911; x_wconf 85' lang='lat' dir='ltr'><strong>praepos.</strong></span> <span class='ocrx_word' id='word_1_270' title='bbox 491 1880 552 1901; x_wconf 89' lang='lat' dir='ltr'><strong>vor</strong></span> <span class='ocrx_word' id='word_1_271' title='bbox 565 1870 704 1901; x_wconf 71' lang='lat' dir='ltr'><strong>medius.</strong></span> <span class='ocrx_word' id='word_1_272' title='bbox 733 1869 802 1900; x_wconf 89' lang='lat' dir='ltr'><strong>Zur</strong></span> <span class='ocrx_word' id='word_1_273' title='bbox 815 1869 921 1901; x_wconf 81' lang='lat' dir='ltr'><strong>Saclie</strong></span> 
     </span>
    </p>
   </div>
   <div class='ocr_carea' id='block_1_9' title="bbox 250 1911 922 2719">
    <p class='ocr_par' dir='ltr' id='par_1_13' title="bbox 250 1911 921 2222">
     <span class='ocr_line' id='line_1_36' title="bbox 250 1911 921 1956; baseline -0.001 -10"><span class='ocrx_word' id='word_1_274' title='bbox 250 1914 382 1947; x_wconf 84' lang='lat' dir='ltr'><strong>s.P1ut.</strong></span> <span class='ocrx_word' id='word_1_275' title='bbox 402 1914 579 1956; x_wconf 71' lang='grc' dir='ltr'><strong>ἐνέπλησε</strong></span> <span class='ocrx_word' id='word_1_276' title='bbox 598 1913 661 1955; x_wconf 78' lang='grc' dir='ltr'><strong>τὴν</strong></span> <span class='ocrx_word' id='word_1_277' title='bbox 680 1911 766 1955; x_wconf 76' lang='grc' dir='ltr'><em>ὕλην</em></span> <span class='ocrx_word' id='word_1_278' title='bbox 783 1911 921 1950; x_wconf 77' lang='grc' dir='ltr'><em>καὶτὰς</em></span> 
     </span>
     <span class='ocr_line' id='line_1_37' title="bbox 250 1957 920 1994; baseline -0.001 -3"><span class='ocrx_word' id='word_1_279' title='bbox 250 1957 426 1994; x_wconf 70' lang='grc' dir='ltr'><strong>κοιλάδας</strong></span> <span class='ocrx_word' id='word_1_280' title='bbox 455 1957 683 1992; x_wconf 70' lang='grc' dir='ltr'><em>ἀκοντιστῶν</em></span> <span class='ocrx_word' id='word_1_281' title='bbox 711 1970 748 1992; x_wconf 79' lang='grc' dir='ltr'><strong>τε</strong></span> <span class='ocrx_word' id='word_1_282' title='bbox 773 1959 920 1991; x_wconf 78' lang='grc' dir='ltr'><em>πολλῶν</em></span> 
     </span>
     <span class='ocr_line' id='line_1_38' title="bbox 251 2002 920 2047; baseline 0 -12"><span class='ocrx_word' id='word_1_283' title='bbox 251 2005 307 2035; x_wconf 78' lang='grc' dir='ltr'><strong>καὶ</strong></span> <span class='ocrx_word' id='word_1_284' title='bbox 326 2002 652 2047; x_wconf 47' lang='grc' dir='ltr'><strong>λογχοφόρωνβθι·</strong></span> <span class='ocrx_word' id='word_1_285' title='bbox 665 2005 814 2036; x_wconf 87' lang='lat' dir='ltr'><strong>auchdas</strong></span> <span class='ocrx_word' id='word_1_286' title='bbox 825 2004 920 2044; x_wconf 83' lang='lat' dir='ltr'><strong>Folg.</strong></span> 
     </span>
     <span class='ocr_line' id='line_1_39' title="bbox 251 2049 918 2090; baseline 0.001 -11"><span class='ocrx_word' id='word_1_287' title='bbox 251 2050 314 2079; x_wconf 87' lang='lat' dir='ltr'><strong>wie</strong></span> <span class='ocrx_word' id='word_1_288' title='bbox 324 2049 359 2079; x_wconf 92' lang='lat' dir='ltr'><strong>L.</strong></span> <span class='ocrx_word' id='word_1_289' title='bbox 375 2050 516 2087; x_wconf 76' lang='lat' dir='ltr'><strong>erziihlt,</strong></span> <span class='ocrx_word' id='word_1_290' title='bbox 534 2050 691 2080; x_wconf 63' lang='lat' dir='ltr'><strong>wahrend</strong></span> <span class='ocrx_word' id='word_1_291' title='bbox 707 2051 786 2080; x_wconf 86' lang='lat' dir='ltr'><strong>nach</strong></span> <span class='ocrx_word' id='word_1_292' title='bbox 802 2049 918 2090; x_wconf 71' lang='lat' dir='ltr'><strong>Polyb.</strong></span> 
     </span>
     <span class='ocr_line' id='line_1_40' title="bbox 252 2092 919 2133; baseline 0 -9"><span class='ocrx_word' id='word_1_293' title='bbox 252 2094 303 2124; x_wconf 85' lang='lat' dir='ltr'><strong>die</strong></span> <span class='ocrx_word' id='word_1_294' title='bbox 333 2092 490 2124; x_wconf 83' lang='lat' dir='ltr'><strong>Nuinider</strong></span> <span class='ocrx_word' id='word_1_295' title='bbox 517 2104 579 2124; x_wconf 88' lang='lat' dir='ltr'><strong>nur</strong></span> <span class='ocrx_word' id='word_1_296' title='bbox 608 2092 746 2133; x_wconf 79' lang='lat' dir='ltr'><strong>zufiillig</strong></span> <span class='ocrx_word' id='word_1_297' title='bbox 774 2092 832 2124; x_wconf 84' lang='lat' dir='ltr'><strong>auf</strong></span> <span class='ocrx_word' id='word_1_298' title='bbox 858 2095 919 2124; x_wconf 84' lang='lat' dir='ltr'><strong>den</strong></span> 
     </span>
     <span class='ocr_line' id='line_1_41' title="bbox 252 2138 919 2179; baseline -0.001 -10"><span class='ocrx_word' id='word_1_299' title='bbox 252 2138 358 2177; x_wconf 74' lang='lat' dir='ltr'><strong>Hiigel</strong></span> <span class='ocrx_word' id='word_1_300' title='bbox 388 2138 558 2177; x_wconf 75' lang='lat' dir='ltr'><strong>geschickt</strong></span> <span class='ocrx_word' id='word_1_301' title='bbox 581 2138 664 2169; x_wconf 89' lang='lat' dir='ltr'><strong>sind.</strong></span> <span class='ocrx_word' id='word_1_302' title='bbox 694 2156 738 2161; x_wconf 82' lang='lat'><em>—</em></span> <span class='ocrx_word' id='word_1_303' title='bbox 761 2139 919 2179; x_wconf 59' lang='lat' dir='ltr'><strong>sremeb„</strong></span> 
     </span>
     <span class='ocr_line' id='line_1_42' title="bbox 251 2182 472 2222; baseline -0.005 -8"><span class='ocrx_word' id='word_1_304' title='bbox 251 2193 277 2214; x_wconf 90' lang='lat' dir='ltr'><strong>s.</strong></span> <span class='ocrx_word' id='word_1_305' title='bbox 296 2182 349 2220; x_wconf 84' lang='lat'><strong>22,</strong></span> <span class='ocrx_word' id='word_1_306' title='bbox 370 2182 422 2222; x_wconf 81' lang='lat'><strong>28,</strong></span> <span class='ocrx_word' id='word_1_307' title='bbox 442 2183 472 2213; x_wconf 82' lang='lat'><strong>9.</strong></span> 
     </span>
    </p>

    <p class='ocr_par' dir='ltr' id='par_1_14' title="bbox 252 2227 922 2719">
     <span class='ocr_line' id='line_1_43' title="bbox 300 2227 919 2270; baseline 0 -12"><span class='ocrx_word' id='word_1_308' title='bbox 300 2227 454 2258; x_wconf 88' lang='lat'><strong>10—11.</strong></span> <span class='ocrx_word' id='word_1_309' title='bbox 481 2229 559 2270; x_wconf 74' lang='lat' dir='ltr'><strong>quin</strong></span> <span class='ocrx_word' id='word_1_310' title='bbox 576 2229 646 2268; x_wconf 60' lang='lat' dir='ltr'><strong>im„</strong></span> <span class='ocrx_word' id='word_1_311' title='bbox 666 2227 698 2267; x_wconf 94' lang='lat'><strong>1,</strong></span> <span class='ocrx_word' id='word_1_312' title='bbox 717 2228 770 2267; x_wconf 73' lang='lat'><strong>57,</strong></span> <span class='ocrx_word' id='word_1_313' title='bbox 789 2228 825 2259; x_wconf 79' lang='lat'><strong>7:</strong></span> <span class='ocrx_word' id='word_1_314' title='bbox 843 2229 919 2269; x_wconf 73' lang='lat' dir='ltr'><strong>quin</strong></span> 
     </span>
     <span class='ocr_line' id='line_1_44' title="bbox 252 2272 920 2314; baseline -0.001 -10"><span class='ocrx_word' id='word_1_315' title='bbox 252 2272 507 2304; x_wconf 55' lang='lat' dir='ltr'><strong>conscendimus</strong></span> <span class='ocrx_word' id='word_1_316' title='bbox 522 2275 644 2314; x_wconf 75' lang='lat' dir='ltr'><strong>equos?</strong></span> <span class='ocrx_word' id='word_1_317' title='bbox 654 2291 688 2294; x_wconf 97' lang='lat'><strong>—</strong></span> <span class='ocrx_word' id='word_1_318' title='bbox 705 2274 830 2304; x_wconf 77' lang='lat' dir='ltr'><strong>certius</strong></span> <span class='ocrx_word' id='word_1_319' title='bbox 845 2277 920 2312; x_wconf 86' lang='lat' dir='ltr'><strong>etc.‚</strong></span> 
     </span>
     <span class='ocr_line' id='line_1_45' title="bbox 252 2317 920 2349; baseline 0 -1"><span class='ocrx_word' id='word_1_320' title='bbox 252 2318 315 2349; x_wconf 92' lang='lat' dir='ltr'><strong>wir</strong></span> <span class='ocrx_word' id='word_1_321' title='bbox 333 2319 467 2349; x_wconf 85' lang='lat' dir='ltr'><strong>werden</strong></span> <span class='ocrx_word' id='word_1_322' title='bbox 486 2318 544 2348; x_wconf 84' lang='lat' dir='ltr'><strong>mit</strong></span> <span class='ocrx_word' id='word_1_323' title='bbox 560 2319 652 2349; x_wconf 88' lang='lat' dir='ltr'><strong>mehr</strong></span> <span class='ocrx_word' id='word_1_324' title='bbox 665 2318 850 2349; x_wconf 82' lang='lat' dir='ltr'><strong>Sicherheit</strong></span> <span class='ocrx_word' id='word_1_325' title='bbox 864 2317 920 2348; x_wconf 89' lang='lat' dir='ltr'><strong>be-</strong></span> 
     </span>
     <span class='ocr_line' id='line_1_46' title="bbox 252 2362 921 2404; baseline 0 -11"><span class='ocrx_word' id='word_1_326' title='bbox 252 2363 418 2393; x_wconf 86' lang='lat' dir='ltr'><strong>urtheilen</strong></span> <span class='ocrx_word' id='word_1_327' title='bbox 449 2363 596 2404; x_wconf 73' lang='lat' dir='ltr'><strong>konnen,</strong></span> <span class='ocrx_word' id='word_1_328' title='bbox 626 2362 665 2393; x_wconf 88' lang='lat' dir='ltr'><strong>ob</strong></span> <span class='ocrx_word' id='word_1_329' title='bbox 688 2363 740 2393; x_wconf 87' lang='lat' dir='ltr'><strong>die</strong></span> <span class='ocrx_word' id='word_1_330' title='bbox 764 2362 855 2393; x_wconf 79' lang='lat' dir='ltr'><strong>Ho&#39;he</strong></span> <span class='ocrx_word' id='word_1_331' title='bbox 880 2373 921 2393; x_wconf 92' lang='lat' dir='ltr'><strong>zu</strong></span> 
     </span>
     <span class='ocr_line' id='line_1_47' title="bbox 253 2407 921 2447; baseline -0.002 -9"><span class='ocrx_word' id='word_1_332' title='bbox 253 2408 410 2438; x_wconf 81' lang='lat' dir='ltr'><strong>besetzen</strong></span> <span class='ocrx_word' id='word_1_333' title='bbox 435 2408 496 2438; x_wconf 87' lang='lat' dir='ltr'><strong>sei.</strong></span> <span class='ocrx_word' id='word_1_334' title='bbox 520 2425 562 2430; x_wconf 28' lang='grc' dir='ltr'>ᾖ</span> <span class='ocrx_word' id='word_1_335' title='bbox 586 2409 825 2446; x_wconf 76' lang='lat' dir='ltr'><strong>consentienti,</strong></span> <span class='ocrx_word' id='word_1_336' title='bbox 844 2417 868 2438; x_wconf 94' lang='lat' dir='ltr'><strong>s.</strong></span> <span class='ocrx_word' id='word_1_337' title='bbox 893 2407 921 2447; x_wconf 88' lang='lat'><strong>1,</strong></span> 
     </span>
     <span class='ocr_line' id='line_1_48' title="bbox 254 2451 921 2494; baseline 0.002 -12"><span class='ocrx_word' id='word_1_338' title='bbox 254 2452 315 2491; x_wconf 79' lang='lat'><strong>54,</strong></span> <span class='ocrx_word' id='word_1_339' title='bbox 334 2454 372 2491; x_wconf 69' lang='lat' dir='ltr'><strong>(i,</strong></span> <span class='ocrx_word' id='word_1_340' title='bbox 393 2452 452 2492; x_wconf 72' lang='lat'><strong>36,</strong></span> <span class='ocrx_word' id='word_1_341' title='bbox 472 2452 530 2489; x_wconf 88' lang='lat'><strong>32</strong></span> <span class='ocrx_word' id='word_1_342' title='bbox 550 2452 580 2483; x_wconf 83' lang='lat'><strong>9.</strong></span> <span class='ocrx_word' id='word_1_343' title='bbox 599 2464 697 2494; x_wconf 86' lang='lat' dir='ltr'><strong>—eq</strong></span> <span class='ocrx_word' id='word_1_344' title='bbox 701 2455 760 2484; x_wconf 49' lang='lat' dir='ltr'><strong>nent</strong></span> <span class='ocrx_word' id='word_1_345' title='bbox 782 2451 921 2492; x_wconf 66' lang='lat' dir='ltr'><strong>CCXX,</strong></span> 
     </span>
     <span class='ocr_line' id='line_1_49' title="bbox 252 2476 921 2539; baseline 0 -12"><span class='ocrx_word' id='word_1_346' title='bbox 252 2497 344 2528; x_wconf 74' lang='lat' dir='ltr'><strong>vicli.</strong></span> <span class='ocrx_word' id='word_1_347' title='bbox 369 2498 644 2539; x_wconf 73' lang='lat' dir='ltr'><strong>extraordinarii,</strong></span> <span class='ocrx_word' id='word_1_348' title='bbox 671 2508 697 2528; x_wconf 87' lang='lat' dir='ltr'><strong>s.</strong></span> <span class='ocrx_word' id='word_1_349' title='bbox 723 2508 749 2528; x_wconf 88' lang='lat' dir='ltr'><strong>c.</strong></span> <span class='ocrx_word' id='word_1_350' title='bbox 779 2497 833 2534; x_wconf 90' lang='grc'><strong>12,</strong></span> <span class='ocrx_word' id='word_1_351' title='bbox 862 2476 921 2535; x_wconf 69' lang='lat'><strong>143²</strong></span> 
     </span>
     <span class='ocr_line' id='line_1_50' title="bbox 254 2538 922 2591; baseline 0.003 -20"><span class='ocrx_word' id='word_1_352' title='bbox 254 2541 341 2572; x_wconf 87' lang='lat' dir='ltr'><strong>Plut.</strong></span> <span class='ocrx_word' id='word_1_353' title='bbox 374 2541 424 2573; x_wconf 76' lang='grc' dir='ltr'><strong>ὡι</strong></span> <span class='ocrx_word' id='word_1_354' title='bbox 449 2539 628 2585; x_wconf 69' lang='grc' dir='ltr'><em>Ρωμαῖος</em></span> <span class='ocrx_word' id='word_1_355' title='bbox 657 2538 778 2576; x_wconf 65' lang='grc' dir='ltr'><em>οἰδεὶς</em></span> <span class='ocrx_word' id='word_1_356' title='bbox 808 2538 858 2591; x_wconf 85' lang='grc' dir='ltr'><strong>ἧν</strong></span> <span class='ocrx_word' id='word_1_357' title='bbox 878 2559 922 2564; x_wconf 83' lang='grc'><strong>-</strong></span> 
     </span>
     <span class='ocr_line' id='line_1_51' title="bbox 255 2582 918 2637; baseline 0 -21"><span class='ocrx_word' id='word_1_358' title='bbox 255 2583 487 2637; x_wconf 51' lang='grc' dir='ltr'><strong>τεσσαρτέζο]</strong></span> <span class='ocrx_word' id='word_1_359' title='bbox 492 2598 530 2617; x_wconf 78' lang='grc' dir='ltr'><strong>τα</strong></span> <span class='ocrx_word' id='word_1_360' title='bbox 582 2586 620 2618; x_wconf 72' lang='grc' dir='ltr'><strong>δὲ</strong></span> <span class='ocrx_word' id='word_1_361' title='bbox 672 2590 773 2629; x_wconf 60' lang='grc' dir='ltr'><strong>Φρε)</strong></span> <span class='ocrx_word' id='word_1_362' title='bbox 767 2582 918 2618; x_wconf 76' lang='grc' dir='ltr'><strong>ελλάιοι</strong></span> 
     </span>
     <span class='ocr_line' id='line_1_52' title="bbox 256 2627 919 2674; baseline 0.003 -14"><span class='ocrx_word' id='word_1_363' title='bbox 256 2627 538 2674; x_wconf 61' lang='lat' dir='ltr'><strong>71510a1&#39;ccfflfTs25&#39;</strong></span> <span class='ocrx_word' id='word_1_364' title='bbox 554 2643 612 2662; x_wconf 76' lang='lat' dir='ltr'><strong>7ch</strong></span> <span class='ocrx_word' id='word_1_365' title='bbox 629 2634 788 2667; x_wconf 70' lang='grc' dir='ltr'><strong>Πίσῒξί1)ς</strong></span> <span class='ocrx_word' id='word_1_366' title='bbox 800 2642 854 2663; x_wconf 72' lang='grc' dir='ltr'><strong>[ίξί</strong></span> <span class='ocrx_word' id='word_1_367' title='bbox 871 2642 919 2662; x_wconf 71' lang='lat' dir='ltr'><strong>TU)</strong></span> 
     </span>
     <span class='ocr_line' id='line_1_53' title="bbox 257 2673 920 2719; baseline 0.003 -15"><span class='ocrx_word' id='word_1_368' title='bbox 257 2676 465 2719; x_wconf 62' lang='grc' dir='ltr'><strong>Αἶαρκέλλι)</strong></span> <span class='ocrx_word' id='word_1_369' title='bbox 481 2673 696 2715; x_wconf 72' lang='grc' dir='ltr'><em>δεδωκότεςς</em></span> <span class='ocrx_word' id='word_1_370' title='bbox 714 2678 793 2708; x_wconf 86' lang='lat' dir='ltr'><strong>nach</strong></span> <span class='ocrx_word' id='word_1_371' title='bbox 804 2676 920 2718; x_wconf 82' lang='lat' dir='ltr'><strong>Polyb.</strong></span> 
     </span>
    </p>
   </div>
   <div class='ocr_carea' id='block_1_10' title="bbox 981 1914 1664 2720">
    <p class='ocr_par' dir='ltr' id='par_1_15' title="bbox 994 1914 1663 2001">
     <span class='ocr_line' id='line_1_54' title="bbox 994 1914 1663 1956; baseline 0 -11"><span class='ocrx_word' id='word_1_372' title='bbox 994 1915 1075 1945; x_wconf 90' lang='lat' dir='ltr'><strong>oder</strong></span> <span class='ocrx_word' id='word_1_373' title='bbox 1092 1914 1307 1954; x_wconf 80' lang='lat' dir='ltr'><strong>geschlossen</strong></span> <span class='ocrx_word' id='word_1_374' title='bbox 1326 1914 1385 1956; x_wconf 84' lang='lat' dir='ltr'><strong>ist,</strong></span> <span class='ocrx_word' id='word_1_375' title='bbox 1405 1915 1476 1946; x_wconf 89' lang='lat' dir='ltr'><strong>ihre</strong></span> <span class='ocrx_word' id='word_1_376' title='bbox 1495 1914 1663 1956; x_wconf 87' lang='lat' dir='ltr'><strong>Truppen,</strong></span> 
     </span>
     <span class='ocr_line' id='line_1_55' title="bbox 994 1959 1249 2001; baseline -0.004 -10"><span class='ocrx_word' id='word_1_377' title='bbox 994 1959 1110 2001; x_wconf 76' lang='lat' dir='ltr'><strong>Polyb.</strong></span> <span class='ocrx_word' id='word_1_378' title='bbox 1135 1959 1170 2000; x_wconf 92' lang='lat'><strong>2,</strong></span> <span class='ocrx_word' id='word_1_379' title='bbox 1196 1959 1249 1990; x_wconf 78' lang='lat'><strong>24.</strong></span> 
     </span>
    </p>

    <p class='ocr_par' dir='ltr' id='par_1_16' title="bbox 981 2002 1664 2720">
     <span class='ocr_line' id='line_1_56' title="bbox 1042 2002 1663 2046; baseline -0.002 -11"><span class='ocrx_word' id='word_1_380' title='bbox 1042 2004 1184 2035; x_wconf 84' lang='lat'><strong>13—14.</strong></span> <span class='ocrx_word' id='word_1_381' title='bbox 1212 2004 1363 2046; x_wconf 72' lang='lat' dir='ltr'><strong>quidam,</strong></span> <span class='ocrx_word' id='word_1_382' title='bbox 1387 2002 1590 2036; x_wconf 81' lang='lat' dir='ltr'><strong>ausffihrlich</strong></span> <span class='ocrx_word' id='word_1_383' title='bbox 1610 2013 1663 2034; x_wconf 86' lang='lat' dir='ltr'><strong>er-</strong></span> 
     </span>
     <span class='ocr_line' id='line_1_57' title="bbox 992 2048 1662 2080; baseline -0.001 0"><span class='ocrx_word' id='word_1_384' title='bbox 992 2049 1109 2080; x_wconf 79' lang='lat' dir='ltr'><strong>ziihlen</strong></span> <span class='ocrx_word' id='word_1_385' title='bbox 1147 2049 1198 2079; x_wconf 87' lang='lat' dir='ltr'><strong>die</strong></span> <span class='ocrx_word' id='word_1_386' title='bbox 1229 2049 1332 2080; x_wconf 87' lang='lat' dir='ltr'><strong>Sache</strong></span> <span class='ocrx_word' id='word_1_387' title='bbox 1368 2049 1453 2080; x_wconf 87' lang='lat' dir='ltr'><strong>Plut.</strong></span> <span class='ocrx_word' id='word_1_388' title='bbox 1491 2049 1555 2079; x_wconf 91' lang='lat' dir='ltr'><strong>und</strong></span> <span class='ocrx_word' id='word_1_389' title='bbox 1587 2048 1662 2080; x_wconf 85' lang='lat' dir='ltr'><strong>Val.</strong></span> 
     </span>
     <span class='ocr_line' id='line_1_58' title="bbox 993 2092 1662 2136; baseline 0 -12"><span class='ocrx_word' id='word_1_390' title='bbox 993 2093 1100 2130; x_wconf 72' lang='lat' dir='ltr'><strong>Max.;</strong></span> <span class='ocrx_word' id='word_1_391' title='bbox 1132 2092 1249 2134; x_wconf 72' lang='lat' dir='ltr'><strong>Polyb.</strong></span> <span class='ocrx_word' id='word_1_392' title='bbox 1280 2094 1379 2124; x_wconf 86' lang='lat' dir='ltr'><strong>nicht.</strong></span> <span class='ocrx_word' id='word_1_393' title='bbox 1409 2111 1453 2116; x_wconf 90' lang='lat'><strong>——</strong></span> <span class='ocrx_word' id='word_1_394' title='bbox 1481 2095 1594 2136; x_wconf 79' lang='lat' dir='ltr'><strong>prima</strong></span> <span class='ocrx_word' id='word_1_395' title='bbox 1618 2094 1662 2134; x_wconf 82' lang='lat' dir='ltr'><strong>lz.‚</strong></span> 
     </span>
     <span class='ocr_line' id='line_1_59' title="bbox 993 2136 1664 2180; baseline 0.001 -11"><span class='ocrx_word' id='word_1_396' title='bbox 993 2137 1065 2169; x_wconf 93' lang='lat' dir='ltr'><strong>Val.</strong></span> <span class='ocrx_word' id='word_1_397' title='bbox 1085 2136 1192 2168; x_wconf 82' lang='lat' dir='ltr'><strong>Max.:</strong></span> <span class='ocrx_word' id='word_1_398' title='bbox 1214 2139 1328 2180; x_wconf 82' lang='lat' dir='ltr'><strong>prima</strong></span> <span class='ocrx_word' id='word_1_399' title='bbox 1343 2139 1465 2178; x_wconf 75' lang='lat' dir='ltr'><strong>hostia,</strong></span> <span class='ocrx_word' id='word_1_400' title='bbox 1485 2149 1569 2180; x_wconf 84' lang='lat' dir='ltr'><strong>quae</strong></span> <span class='ocrx_word' id='word_1_401' title='bbox 1585 2141 1664 2170; x_wconf 78' lang='lat' dir='ltr'><strong>aute</strong></span> 
     </span>
     <span class='ocr_line' id='line_1_60' title="bbox 981 2182 1663 2225; baseline 0.001 -12"><span class='ocrx_word' id='word_1_402' title='bbox 981 2182 1144 2223; x_wconf 73' lang='lat' dir='ltr'><strong>foculum</strong></span> <span class='ocrx_word' id='word_1_403' title='bbox 1167 2182 1301 2221; x_wconf 73' lang='lat' dir='ltr'><strong>cecidit,</strong></span> <span class='ocrx_word' id='word_1_404' title='bbox 1334 2183 1391 2214; x_wconf 90' lang='lat' dir='ltr'><strong>das</strong></span> <span class='ocrx_word' id='word_1_405' title='bbox 1417 2182 1520 2225; x_wconf 88' lang='lat' dir='ltr'><strong>Opfer</strong></span> <span class='ocrx_word' id='word_1_406' title='bbox 1543 2184 1587 2215; x_wconf 87' lang='lat' dir='ltr'><strong>ist</strong></span> <span class='ocrx_word' id='word_1_407' title='bbox 1611 2184 1663 2214; x_wconf 90' lang='lat' dir='ltr'><strong>ein</strong></span> 
     </span>
     <span class='ocr_line' id='line_1_61' title="bbox 993 2227 1663 2267; baseline 0.001 -9"><span class='ocrx_word' id='word_1_408' title='bbox 993 2227 1285 2259; x_wconf 71' lang='lat' dir='ltr'><strong>consultatorz&#39;um.</strong></span> <span class='ocrx_word' id='word_1_409' title='bbox 1295 2247 1330 2250; x_wconf 87' lang='lat'><strong>—-</strong></span> <span class='ocrx_word' id='word_1_410' title='bbox 1344 2230 1451 2267; x_wconf 76' lang='lat' dir='ltr'><strong>iocur,</strong></span> <span class='ocrx_word' id='word_1_411' title='bbox 1466 2228 1663 2260; x_wconf 86' lang='lat' dir='ltr'><strong>dieseForm</strong></span> 
     </span>
     <span class='ocr_line' id='line_1_62' title="bbox 995 2272 1664 2313; baseline 0.003 -11"><span class='ocrx_word' id='word_1_412' title='bbox 995 2272 1097 2303; x_wconf 82' lang='lat' dir='ltr'><strong>findet</strong></span> <span class='ocrx_word' id='word_1_413' title='bbox 1114 2273 1182 2303; x_wconf 85' lang='lat' dir='ltr'><strong>sicli</strong></span> <span class='ocrx_word' id='word_1_414' title='bbox 1202 2273 1272 2303; x_wconf 77' lang='lat' dir='ltr'><strong>hier</strong></span> <span class='ocrx_word' id='word_1_415' title='bbox 1286 2274 1350 2304; x_wconf 88' lang='lat' dir='ltr'><strong>und</strong></span> <span class='ocrx_word' id='word_1_416' title='bbox 1368 2274 1427 2313; x_wconf 88' lang='lat'><strong>25,</strong></span> <span class='ocrx_word' id='word_1_417' title='bbox 1448 2273 1499 2313; x_wconf 88' lang='grc'>16,</span> <span class='ocrx_word' id='word_1_418' title='bbox 1518 2273 1537 2304; x_wconf 93' lang='grc'><strong>2</strong></span> <span class='ocrx_word' id='word_1_419' title='bbox 1555 2273 1585 2304; x_wconf 91' lang='lat' dir='ltr'><strong>in</strong></span> <span class='ocrx_word' id='word_1_420' title='bbox 1605 2274 1664 2305; x_wconf 87' lang='lat' dir='ltr'><strong>der</strong></span> 
     </span>
     <span class='ocr_line' id='line_1_63' title="bbox 994 2317 1664 2357; baseline 0.003 -10"><span class='ocrx_word' id='word_1_421' title='bbox 994 2317 1110 2348; x_wconf 87' lang='lat' dir='ltr'><strong>besten</strong></span> <span class='ocrx_word' id='word_1_422' title='bbox 1129 2317 1223 2357; x_wconf 89' lang='lat' dir='ltr'><strong>Hds.,</strong></span> <span class='ocrx_word' id='word_1_423' title='bbox 1242 2318 1293 2349; x_wconf 92' lang='lat' dir='ltr'><strong>die</strong></span> <span class='ocrx_word' id='word_1_424' title='bbox 1310 2318 1399 2349; x_wconf 85' lang='lat' dir='ltr'><strong>alten</strong></span> <span class='ocrx_word' id='word_1_425' title='bbox 1420 2318 1664 2350; x_wconf 85' lang='lat' dir='ltr'><strong>Grammatiker</strong></span> 
     </span>
     <span class='ocr_line' id='line_1_64' title="bbox 990 2362 1661 2403; baseline 0.004 -12"><span class='ocrx_word' id='word_1_426' title='bbox 990 2362 1109 2403; x_wconf 86' lang='lat' dir='ltr'><strong>jedoch</strong></span> <span class='ocrx_word' id='word_1_427' title='bbox 1134 2362 1303 2394; x_wconf 77' lang='lat' dir='ltr'><strong>erkennen</strong></span> <span class='ocrx_word' id='word_1_428' title='bbox 1329 2374 1391 2394; x_wconf 90' lang='lat' dir='ltr'><strong>nur</strong></span> <span class='ocrx_word' id='word_1_429' title='bbox 1406 2365 1500 2395; x_wconf 75' lang='lat' dir='ltr'><strong>iecur</strong></span> <span class='ocrx_word' id='word_1_430' title='bbox 1516 2373 1572 2402; x_wconf 86' lang='lat' dir='ltr'><strong>an,</strong></span> <span class='ocrx_word' id='word_1_431' title='bbox 1597 2363 1661 2394; x_wconf 92' lang='lat' dir='ltr'><strong>und</strong></span> 
     </span>
     <span class='ocr_line' id='line_1_65' title="bbox 995 2405 1660 2440; baseline 0.003 -3"><span class='ocrx_word' id='word_1_432' title='bbox 995 2412 1109 2438; x_wconf 85' lang='lat' dir='ltr'><strong>setzen</strong></span> <span class='ocrx_word' id='word_1_433' title='bbox 1128 2405 1182 2438; x_wconf 82' lang='lat' dir='ltr'><strong>fiir</strong></span> <span class='ocrx_word' id='word_1_434' title='bbox 1198 2409 1355 2439; x_wconf 73' lang='lat' dir='ltr'><strong>i&#39;oczneu&#39;s</strong></span> <span class='ocrx_word' id='word_1_435' title='bbox 1369 2409 1420 2439; x_wconf 92' lang='lat' dir='ltr'><strong>ein</strong></span> <span class='ocrx_word' id='word_1_436' title='bbox 1439 2410 1569 2440; x_wconf 76' lang='lat' dir='ltr'><strong>iocinus</strong></span> <span class='ocrx_word' id='word_1_437' title='bbox 1583 2418 1660 2439; x_wconf 91' lang='lat' dir='ltr'><strong>vor-</strong></span> 
     </span>
     <span class='ocr_line' id='line_1_66' title="bbox 994 2452 1662 2495; baseline 0.002 -12"><span class='ocrx_word' id='word_1_438' title='bbox 994 2462 1065 2483; x_wconf 86' lang='lat' dir='ltr'><strong>aus.</strong></span> <span class='ocrx_word' id='word_1_439' title='bbox 1082 2455 1253 2495; x_wconf 76' lang='lat' dir='ltr'><strong>——caput,</strong></span> <span class='ocrx_word' id='word_1_440' title='bbox 1273 2453 1336 2484; x_wconf 68' lang='lat' dir='ltr'><strong>uie</strong></span> <span class='ocrx_word' id='word_1_441' title='bbox 1354 2453 1407 2493; x_wconf 88' lang='lat'><strong>30,</strong></span> <span class='ocrx_word' id='word_1_442' title='bbox 1426 2453 1456 2493; x_wconf 87' lang='lat'><strong>2,</strong></span> <span class='ocrx_word' id='word_1_443' title='bbox 1479 2452 1529 2493; x_wconf 90' lang='lat'><strong>13,</strong></span> <span class='ocrx_word' id='word_1_444' title='bbox 1548 2453 1614 2493; x_wconf 84' lang='lat' dir='ltr'><strong>vgl.</strong></span> <span class='ocrx_word' id='word_1_445' title='bbox 1633 2452 1662 2493; x_wconf 85' lang='lat'><strong>8,</strong></span> 
     </span>
     <span class='ocr_line' id='line_1_67' title="bbox 995 2494 1660 2539; baseline 0.003 -12"><span class='ocrx_word' id='word_1_446' title='bbox 995 2497 1022 2534; x_wconf 97' lang='lat'>9</span> <span class='ocrx_word' id='word_1_447' title='bbox 1048 2494 1074 2528; x_wconf 91' lang='lat'><strong>1.</strong></span> <span class='ocrx_word' id='word_1_448' title='bbox 1092 2496 1174 2528; x_wconf 89' lang='lat' dir='ltr'><strong>Plin.</strong></span> <span class='ocrx_word' id='word_1_449' title='bbox 1194 2498 1243 2535; x_wconf 95' lang='grc'><strong>11,</strong></span> <span class='ocrx_word' id='word_1_450' title='bbox 1260 2497 1312 2537; x_wconf 84' lang='grc'><strong>73,</strong></span> <span class='ocrx_word' id='word_1_451' title='bbox 1330 2497 1401 2529; x_wconf 79' lang='lat'><strong>189.</strong></span> <span class='ocrx_word' id='word_1_452' title='bbox 1417 2508 1558 2539; x_wconf 82' lang='lat' dir='ltr'><strong>—quae</strong></span> <span class='ocrx_word' id='word_1_453' title='bbox 1574 2497 1660 2537; x_wconf 62' lang='lat' dir='ltr'><strong>ads„</strong></span> 
     </span>
     <span class='ocr_line' id='line_1_68' title="bbox 997 2541 1659 2584; baseline 0.002 -12"><span class='ocrx_word' id='word_1_454' title='bbox 997 2542 1025 2579; x_wconf 93' lang='lat'><strong>1,</strong></span> <span class='ocrx_word' id='word_1_455' title='bbox 1045 2541 1097 2581; x_wconf 67' lang='lat'><strong>28,</strong></span> <span class='ocrx_word' id='word_1_456' title='bbox 1116 2542 1145 2573; x_wconf 89' lang='grc'><strong>2.</strong></span> <span class='ocrx_word' id='word_1_457' title='bbox 1163 2546 1356 2574; x_wconf 71' lang='lat' dir='ltr'><strong>—culctztm</strong></span> <span class='ocrx_word' id='word_1_458' title='bbox 1370 2543 1454 2573; x_wconf 85' lang='lat' dir='ltr'><strong>kann</strong></span> <span class='ocrx_word' id='word_1_459' title='bbox 1471 2547 1559 2574; x_wconf 90' lang='lat' dir='ltr'><strong>neut.</strong></span> <span class='ocrx_word' id='word_1_460' title='bbox 1574 2547 1659 2584; x_wconf 84' lang='lat' dir='ltr'><strong>part.</strong></span> 
     </span>
     <span class='ocr_line' id='line_1_69' title="bbox 995 2587 1659 2625; baseline 0.002 -8"><span class='ocrx_word' id='word_1_461' title='bbox 995 2587 1086 2625; x_wconf 78' lang='lat' dir='ltr'><strong>odei,</strong></span> <span class='ocrx_word' id='word_1_462' title='bbox 1107 2588 1184 2618; x_wconf 89' lang='lat' dir='ltr'><strong>nach</strong></span> <span class='ocrx_word' id='word_1_463' title='bbox 1204 2587 1357 2625; x_wconf 83' lang='lat' dir='ltr'><strong>Crevier,</strong></span> <span class='ocrx_word' id='word_1_464' title='bbox 1377 2588 1497 2618; x_wconf 76' lang='lat' dir='ltr'><strong>Aecus.</strong></span> <span class='ocrx_word' id='word_1_465' title='bbox 1516 2598 1578 2618; x_wconf 88' lang='lat' dir='ltr'><strong>von</strong></span> <span class='ocrx_word' id='word_1_466' title='bbox 1596 2598 1659 2619; x_wconf 84' lang='grc' dir='ltr'><em>αιι-</em></span> 
     </span>
     <span class='ocr_line' id='line_1_70' title="bbox 994 2628 1657 2676; baseline 0.002 -14"><span class='ocrx_word' id='word_1_467' title='bbox 994 2634 1086 2671; x_wconf 77' lang='lat' dir='ltr'><strong>etus,</strong></span> <span class='ocrx_word' id='word_1_468' title='bbox 1116 2642 1171 2672; x_wconf 69' lang='lat' dir='ltr'><strong>us,</strong></span> <span class='ocrx_word' id='word_1_469' title='bbox 1203 2632 1290 2670; x_wconf 79' lang='lat' dir='ltr'><strong>sein3</strong></span> <span class='ocrx_word' id='word_1_470' title='bbox 1321 2632 1408 2663; x_wconf 82' lang='lat' dir='ltr'><strong>Plut.</strong></span> <span class='ocrx_word' id='word_1_471' title='bbox 1437 2628 1498 2672; x_wconf 80' lang='grc' dir='ltr'><strong>ἥτε</strong></span> <span class='ocrx_word' id='word_1_472' title='bbox 1519 2630 1657 2676; x_wconf 78' lang='grc' dir='ltr'><em>κεφαλὴ</em></span> 
     </span>
     <span class='ocr_line' id='line_1_71' title="bbox 992 2673 1656 2720; baseline 0.002 -14"><span class='ocrx_word' id='word_1_473' title='bbox 992 2676 1154 2719; x_wconf 73' lang='grc' dir='ltr'><em>μέγεθος</em></span> <span class='ocrx_word' id='word_1_474' title='bbox 1184 2673 1369 2720; x_wconf 74' lang='grc' dir='ltr'><strong>ὑπερφυὲς</strong></span> <span class='ocrx_word' id='word_1_475' title='bbox 1399 2673 1549 2719; x_wconf 73' lang='grc' dir='ltr'><em>ἀνέσχες</em></span> <span class='ocrx_word' id='word_1_476' title='bbox 1584 2676 1656 2709; x_wconf 89' lang='lat' dir='ltr'><strong>Val.</strong></span> 
     </span>
    </p>
   </div>
   <div class='ocr_carea' id='block_1_11' title="bbox 1673 0 1784 2967">
    <p class='ocr_par' dir='ltr' id='par_1_17' title="bbox 1673 0 1784 2967">
     <span class='ocr_line' id='line_1_72' title="bbox 1673 0 1784 2967; baseline 0 0"><span class='ocrx_word' id='word_1_477' title='bbox 1673 0 1784 2967; x_wconf 95' lang='lat' dir='ltr'><strong> </strong></span> 
     </span>
    </p>
   </div>
  </div>
 </body>
</html>
