1784 2967
208 200 286 241 184

641 196 768 229 LIBER
786 195 897 230 XXV.
932 196 1022 230 CAP.
1041 198 1093 230 35.
1111 197 1164 230 36.

1457 216 1482 234 a.
1499 215 1525 232 u.
1541 207 1603 235 542.

155 314 174 345 (3
203 314 290 341 cere
312 301 520 340 exercitum
542 298 747 351 potuisse?
769 312 844 352 quo
867 301 985 339 modo
1008 306 1236 340 autemnon
1258 300 1453 340 obstitisse
1474 305 1539 340 aut
1559 301 1604 340 ab

203 364 310 409 tergo
334 363 507 397 secutum
528 357 700 404 fratrem,
720 361 774 404 ut,
799 356 831 395 si
852 357 1055 408 prohibere
1076 370 1152 408 quo
1176 357 1304 396 minus
1325 357 1365 396 in
1387 370 1504 396 unum
1524 357 1605 396 coi-

202 420 288 453 rent
314 419 351 453 et
377 414 493 452 duces
521 418 558 452 et
584 414 770 453 exercitus
798 413 969 453 hostium
997 426 1078 453 non
1106 418 1260 464 posset,
1288 414 1371 465 ipse
1393 420 1494 453 certe
1517 427 1604 453 cum

157 480 172 510 ῖ
203 471 321 510 fratre
349 471 598 521 coniungeret
625 468 786 521 copias?
817 470 876 509 his
907 470 1043 509 anxius
1073 470 1172 509 curis
1194 471 1231 509 id
1253 471 1371 509 modo
1393 483 1479 509 esse
1500 471 1605 510 salu-

205 532 286 566 tare
303 527 341 565 in
362 539 549 578 praesens
574 527 761 574 credebat,
785 527 918 565 cedere
940 527 1027 566 inde
1049 533 1234 578 quantum
1256 532 1410 578 posset,
1431 532 1468 566 et
1491 527 1603 577 [inde]
1637 537 1649 545 ⁷

204 595 279 622 una
306 589 419 623 nocte
447 584 588 635 ignaris
616 583 794 623 hostibus
816 591 851 622 et
874 583 922 622 ob
944 584 982 622 id
1006 584 1141 635 quietis
1164 584 1398 635 aliquantum
1423 595 1606 623 emensus

156 648 174 679 S
204 645 263 679 est
283 640 365 679 iter.
406 640 488 679 luce
508 646 551 680 ut
571 645 778 680 senserunt
799 640 993 691 profectos
1016 641 1161 688 hostes,
1182 640 1407 691 praemissis
1429 640 1606 679 Numidis

204 709 319 748 quam
341 702 518 748 poterant
538 697 701 736 maxime
722 696 835 736 citato
858 697 1008 747 agmine
1029 698 1138 748 sequi
1161 703 1381 748 coeperunt.
1422 702 1509 736 ante
1531 710 1606 736 no-

204 758 304 793 ctem
325 754 495 793 adsecuti
516 754 705 793 Numidae
724 765 829 792 nunc
849 753 894 791 al)
915 758 1023 803 tergo
1045 765 1149 793 nunc
1168 754 1208 792 in
1229 754 1345 793 latera
1361 754 1601 793 incursantes

155 820 174 850 9
203 810 415 849 consistere
444 815 652 861 coegerunt
678 823 721 848 ac
746 809 861 848 tutari
888 821 1040 860 agmen,
1072 816 1258 861 quantum
1285 816 1447 862 possent
1474 816 1601 864 tamen

203 872 285 906 tuto
307 872 349 905 ut
365 867 480 905 simul
497 872 712 918 pugnarent
727 865 1054 917 procederentque
1072 866 1200 918 Scipio
1218 868 1453 922 hortabatur,
1476 867 1606 919 prius-

125 930 177 969 36
204 935 318 974 quam
337 924 525 974 pedestris
543 923 676 975 copiae
689 923 1004 974 adsequerentur.
1027 923 1205 962 Ceterum
1225 936 1330 963 nunc
1341 925 1488 975 agendo
1502 936 1607 963 nunc

206 979 435 1019 sustinendo
457 992 596 1030 agmen
618 992 705 1019 cum
727 979 959 1031 aliquamdiu
979 980 1079 1019 haud
1101 980 1265 1019 multum
1281 981 1554 1032 procederetur
1571 987 1607 1020 et

157 1045 175 1076 2
205 1048 284 1075 nox
305 1036 380 1075 iam
402 1036 579 1084 instaret,
602 1042 754 1076 revocat
775 1036 922 1088 proelio
947 1049 1040 1075 suos
1063 1036 1193 1088 Scipio
1216 1042 1253 1076 et
1274 1037 1467 1077 conlectos
1488 1037 1527 1076 in
1543 1043 1605 1077 tu-

205 1093 353 1132 mulum
389 1094 578 1145 quendam
613 1106 693 1132 non
726 1094 879 1144 quidem
910 1093 1002 1132 satis
1028 1098 1173 1140 tutum,
1209 1094 1435 1144 praesertim
1464 1095 1607 1145 agmini

155 1160 173 1190 3
204 1150 397 1201 perculso,
420 1150 619 1189 editiorem
640 1156 768 1189 tamen
791 1163 907 1201 quam
931 1156 1053 1189 cetera
1075 1150 1172 1189 circa
1193 1156 1303 1190 erant
1323 1151 1514 1191 subducit.
1554 1151 1607 1190 ibi

202 1206 330 1258 primo
360 1207 649 1258 impedimentis
676 1212 712 1246 et
740 1207 909 1258 equitatu
936 1207 975 1245 in
1002 1207 1170 1245 medium
1194 1208 1360 1258 receptis
1383 1208 1608 1247 circumdati

203 1263 353 1315 pedites
382 1264 484 1303 haud
512 1264 714 1304 difficulter
734 1263 900 1315 impetus
922 1263 1202 1303 incursantium
1223 1264 1478 1304 Numidarum
1499 1277 1605 1304 arce-

202 1364 366 1406 gliicklich
383 1365 538 1406 beendigt
553 1366 677 1398 hatten.
710 1376 789 1406 suo,
808 1365 867 1396 den

202 1411 298 1442 ihnen
324 1411 589 1450 angewiesenen.
612 1429 656 1433 —
679 1413 790 1442 autem
814 1409 874 1442 auf

203 1456 262 1486 der
278 1456 423 1487 anderen
441 1455 551 1495 Seite3
569 1459 631 1488 aut
646 1457 726 1487 oder
742 1456 870 1496 wenig-

203 1505 307 1539 stens,
327 1501 407 1532 auch
425 1502 509 1532 dazn
526 1502 571 1533 ist
587 1511 652 1533 ηοη
672 1512 713 1532 zu
731 1502 868 1533 nehmen

202 1557 325 1588 —qzco
349 1548 461 1578 minus
497 1547 577 1578 nach
603 1547 782 1589 prohibere
810 1546 869 1578 mit

202 1591 295 1622 einer
318 1591 498 1632 Negation,
528 1592 590 1623 wie
609 1591 666 1631 39,
686 1591 744 1631 39,
765 1592 801 1631 7,
827 1603 869 1623 ηε

201 1636 438 1679 [mpedimento
456 1640 558 1674 esset,
578 1648 640 1679 quo
657 1640 784 1675 miuus,
805 1637 865 1668 fin-

200 1682 256 1713 det
273 1682 341 1713 sich
356 1683 446 1713 mehr
463 1682 513 1713 bei
531 1682 663 1725 Cicero,
694 1694 719 1714 s.
738 1683 808 1714 Att.
835 1682 865 1723 2,

200 1727 230 1766 4,
251 1727 287 1757 7:
320 1738 361 1759 ne
376 1728 555 1771 impediret
577 1739 640 1769 quo
658 1729 791 1766 miuus,-
822 1728 865 1759 ib.

202 1770 252 1811 18,
271 1771 307 1810 3,
334 1772 365 1811 4,
384 1772 414 1812 2,
434 1772 471 1811 6,
496 1772 585 1804 Fam.
606 1773 636 1813 3,
656 1774 685 1811 7,
705 1772 819 1812 3313,
835 1772 865 1811 5,

202 1817 236 1855 1,
258 1817 287 1855 7,
307 1818 335 1859 5,
354 1817 391 1857 3,
410 1818 447 1860 Q.
463 1817 520 1849 Fr.
542 1818 613 1858 1,2,
632 1818 662 1858 4,
684 1818 741 1857 143
762 1818 791 1857 2,
815 1817 866 1858 13,

200 1862 237 1901 3,
257 1861 328 1893 Fin.
351 1862 376 1903 1,
404 1863 454 1901 10,
475 1862 534 1902 33,
554 1863 654 1895 Tusc.
681 1863 709 1903 1,
733 1863 785 1903 20,
804 1863 864 1902 473

200 1906 298 1938 Ver-r.
317 1907 347 1947 2,
362 1909 391 1946 5,
410 1908 451 1939 14
464 1919 494 1939 u.
506 1918 534 1940 a.
551 1908 645 1941 Caes.
662 1909 695 1940 B.
712 1908 750 1940 G.
768 1908 796 1951 S,
812 1908 863 1951 34,

199 1952 235 1991 3,
261 1952 383 1984 ebenso
409 1953 515 1985 selten
545 1955 600 1985 hat
621 1954 658 1986 L.
683 1955 763 1985 nach
792 1954 864 1985 dem

199 1998 351 2036 negirten
367 1999 555 2040 prohibere,
580 2000 642 2030 wie
671 1999 730 2038 26,
751 1999 807 2040 40,
832 1998 863 2039 4,

197 2043 285 2083 quin,
304 2044 386 2074 ohne
396 2043 560 2083 Negation
574 2045 629 2075 hat
643 2054 678 2075 es
692 2044 862 2075 bisweilen

197 2098 248 2127 ue,
266 2098 291 2119 s.
308 2087 360 2127 24,
375 2087 479 2130 43‚4;
503 2089 708 2129 gewo'hnlich
733 2089 765 2120 in
794 2089 863 2120 bei—

198 2132 258 2164 den
282 2132 399 2164 Fauen
425 2134 485 2165 den
509 2132 566 2165 inf.
592 2135 671 2165 oder
701 2144 809 2166 accus.
836 2145 863 2165 c.

197 2176 266 2218 inf„
285 2178 351 2218 vgl.
372 2178 401 2215 3,
422 2179 475 2219 28,
494 2179 523 2211 7.

245 2223 342 2255 7—9.
360 2223 396 2255 id
412 2225 509 2256 weist
526 2235 587 2256 nur
603 2222 661 2256 auf
675 2224 790 2256 cedere
810 2224 862 2256 hin

198 2269 261 2299 und
276 2268 320 2300 ist
331 2273 472 2310 gesetzt,
486 2280 539 2301 um
551 2270 649 2302 modo
665 2268 862 2309 hinzuffigen

198 2324 238 2344 zu
257 2314 398 2355 kiinnen,
417 2315 481 2355 vgl.
500 2315 553 2355 26,
575 2315 625 2356 11,
642 2316 678 2354 Τ,
697 2314 749 2355 28,
769 2314 861 2354 41,9.

199 2358 251 2398 34,
274 2359 322 2399 12,
343 2358 379 2398 8,
400 2359 452 2399 23,
471 2360 524 2401 31,
544 2360 579 2391 8:
599 2364 778 2402 utrumque
792 2370 861 2391 u.a.

196 2421 241 2426 —-
269 2407 301 2436 et
334 2405 412 2437 iude
445 2406 491 2437 ist
520 2411 613 2438 sonst
645 2405 860 2444 dichterisch3

197 2448 272 2480 inde
286 2450 415 2482 scheiut
431 2460 489 2482 aus
507 2452 579 2483 dem
597 2451 759 2491 Vorhcrg.
781 2450 861 2481 wie-

197 2493 345 2533 ἀοι-11011,
366 2506 406 2527 zu
424 2507 490 2528 mla
508 2507 534 2528 s.
557 2497 591 2536 1,
611 2497 669 2538 51,
688 2497 717 2528 5.
736 2515 778 2518 —
796 2496 860 2528 ali-

198 2542 311 2579 quant.
330 2542 394 2573 iter
412 2542 474 2573 uie
492 2541 544 2583 29,
563 2541 614 2582 35,
636 2541 692 2573 13:
710 2541 860 2584 aliquan-

196 2586 267 2615 tum
285 2588 443 2627 spatimn.
458 2606 500 2609 »—
516 2590 597 2626 tuto,
616 2598 710 2618 wenn
727 2598 762 2619 es
776 2587 860 2618 rich-

196 2628 243 2668 tig
257 2628 301 2659 ist
320 2631 366 2669 (es
381 2631 460 2662 wird
474 2634 539 2664 niti
549 2633 750 2666 vermuthet:
770 2632 858 2665 viell.

941 1365 986 1396 ist
1024 1367 1096 1396 tum
1122 1376 1249 1407 quoque
1277 1365 1481 1406 verdorben)
1520 1365 1605 1397 kann

941 1410 1029 1442 nicht
1052 1410 1231 1442 bedenten:
1257 1411 1339 1442 ohne
1364 1409 1503 1452 Gefahr,
1529 1422 1607 1443 son-

942 1456 1021 1487 dern
1040 1456 1103 1486 wie
1121 1457 1244 1488 vorher
1263 1458 1384 1488 tutari.-
1409 1457 1441 1487 in
1465 1457 1608 1497 gedeck-

940 1506 1006 1532 tem
1024 1500 1130 1541 Zuge,
1162 1512 1198 1533 so
1217 1502 1292 1533 dass
1316 1502 1374 1533 der
1390 1501 1494 1534 Feind
1518 1502 1607 1534 nicht

942 1546 1132 1587 eindringen
1156 1547 1253 1578 kann.
1293 1546 1402 1579 Ueber
1425 1548 1476 1579 die
1499 1547 1606 1580 Nach-

941 1591 1086 1632 stellung
1112 1602 1174 1623 von
1204 1595 1244 1624 vt
1270 1602 1296 1623 s.
1323 1592 1353 1633 9,
1384 1592 1437 1633 24,
1463 1592 1497 1624 4:
1525 1604 1604 1636 per-

939 1637 1037 1680 pulit,
1053 1646 1160 1680 prope
1176 1637 1335 1670 adiuncta
1347 1639 1522 1670 moenibus
1539 1638 1605 1671 Ro-

939 1693 1040 1714 mana
1063 1686 1177 1714 eastra
1204 1686 1243 1715 uc
1263 1701 1308 1706 —
1330 1686 1602 1723 remoz·erentm·,·

941 1728 992 1768 33,
1014 1728 1064 1767 11,
1083 1728 1118 1759 4:
1138 1739 1203 1760 rore
1220 1730 1304 1760 bono
1322 1731 1433 1761 animo
1455 1740 1533 1760 esse*
1551 1739 1604 1761 re-

936 1784 1016 1815 gem
1034 1776 1074 1805 nt
1088 1774 1234 1815 iuberet,
1258 1785 1289 1806 u.
1314 1784 1343 1805 a.
1361 1792 1406 1797 —
1421 1774 1601 1818 pedestris,

941 1829 966 1849 s.
985 1817 1041 1856 24,
1059 1818 1088 1856 5,
1108 1819 1138 1849 5.

984 1856 1051 1895 36.
1080 1863 1174 1895 1—3.
1196 1864 1327 1906 agendo
1356 1865 1420 1897 abl.
1444 1865 1601 1904 modalis3

937 1908 1019 1940 iiber
1031 1909 1156 1951 agmen'
1171 1920 1281 1951 agere,
1297 1921 1323 1941 s.
1339 1909 1367 1952 6,
1378 1909 1477 1949 2S‚2;
1496 1913 1602 1943 susti-

936 1954 1043 1986 nendo
1062 1969 1106 1980 =
1126 1955 1304 1995 morando,
1328 1955 1500 1994 anhalten,
1527 1955 1604 1987 Halt

937 2000 1082 2039 macheu,
1099 1999 1191 2031 Caes.
1209 1999 1243 2031 C.
1261 2000 1287 2041 1,
1299 2000 1391 2041 04,1.
1405 2001 1602 2043 —proelz'o‚

937 2055 962 2075 s.
977 2043 1082 2075 Tacit.
1094 2044 1172 2085 Agr.
1196 2044 1255 2076 18:
1278 2047 1375 2077 cuius
1390 2048 1603 2088 possessione

935 2092 1149 2127 revocatum,-
1181 2089 1281 2130 Verg.
1312 2090 1350 2122 G.
1384 2090 1421 2130 4,
1451 2090 1507 2122 88:
1547 2093 1605 2123 ubi

936 2134 1093 2166 (itte-tores
1129 2137 1201 2167 acie
1240 2137 1450 2168 revocaveris
1482 2137 1599 2176 ambo,-

937 2180 1002 2211 Cic.
1020 2180 1089 2212 Att.
1109 2180 1144 2221 4,
1172 2181 1226 2219 17,
1247 2180 1282 2212 3:
1307 2184 1493 2214 emm-citum
1520 2182 1601 2214 Bra·-

942 2227 1056 2257 tannia
1088 2228 1325 2269 reportabant,-
1364 2227 1445 2258 doch
1478 2227 1600 2259 konnte

935 2280 963 2301 a.
980 2281 1010 2301 u.
1029 2270 1076 2301 St.
1097 2272 1175 2302 nach
1200 2275 1335 2304 revocat
1356 2272 1457 2304 leicht
1478 2283 1499 2304 a
1522 2273 1602 2304 oder

937 2317 977 2347 ab
995 2314 1173 2353 ausfallen,
1204 2318 1243 2349 da
1273 2323 1367 2349 sonst
1389 2318 1440 2349 die
1461 2317 1599 2359 Priipos.

935 2361 1026 2392 mehr
1044 2361 1093 2392 bei
1109 2362 1264 2394 Dichtern
1279 2364 1343 2395 und
1354 2363 1495 2405 Spiitern
1510 2373 1597 2404 weg-

935 2406 1089 2445 gelassen
1107 2408 1199 2439 wird.
1218 2427 1262 2431 ——
1283 2420 1349 2441 non
1366 2408 1497 2451 quidem
1515 2409 1598 2439 ohne

939 2451 992 2482 ille
1009 2452 1071 2483 uie
1093 2452 1119 2493 1,
1139 2452 1191 2491 29,
1214 2454 1248 2494 1,
1269 2454 1298 2493 9,
1317 2454 1367 2491 19,
1389 2453 1446 2492 143
1468 2453 1596 2491 Curm,

938 2496 987 2535 14,
1006 2496 1043 2535 23
1064 2497 1094 2536 6,
1113 2498 1166 2539 29,
1192 2498 1226 2541 3,
1252 2500 1316 2531 und
1346 2497 1393 2530 oft
1410 2498 1461 2530 bei
1479 2498 1598 2540 Spiite—

935 2552 1004 2580 ren,
1034 2543 1100 2583 vgl.
1118 2543 1169 2583 24,
1195 2544 1231 2583 5,
1252 2545 1284 2576 1:
1314 2545 1374 2576 rz'oe
1398 2543 1538 2585 quidem.
1554 2563 1595 2566 —

933 2587 1082 2664 slubduc„
1101 2598 1127 2620 s.
1147 2589 1199 2628 36,
1222 2590 1279 2631 18,
1297 2589 1332 2620 6:
1351 2589 1523 2621 subductis
1541 2599 1598 2621 07·-

935 2633 1078 2664 sinibus.

1635 819 1675 851 10

1638 1102 1677 1133 15
