1784 2967
584 250 711 284 LIBER
729 250 855 284 XXIV.
889 250 982 283 CAP.
1001 252 1031 283 5.

1462 251 1511 291 13

106 271 132 289 a.
148 262 202 290 Ch.
217 261 280 288 215.

107 356 207 395 enim
242 367 333 394 vero
361 354 638 407 Hieronymus,
674 355 777 393 velut
805 353 885 393 suis
912 352 1013 392 vitiis
1042 352 1335 392 desiderabilem
1362 352 1513 392 efficere

106 413 215 452 vellet
236 424 360 459 avum,
384 411 511 463 primo
535 411 666 451 statim
688 415 903 463 conspectu
920 410 1049 449 omnia
1067 423 1181 461 quam
1199 409 1366 462 disparia
1383 414 1514 449 essent

108 469 288 509 ostendit.
329 481 418 508 nam
446 469 510 520 qui
531 481 600 520 per
620 473 678 507 tot
699 480 823 507 annos
845 467 1055 506 Hieronem
1077 467 1273 518 filiumque
1293 467 1374 506 eius
1397 466 1510 505 Gelo-
1542 475 1560 507 3

107 539 196 566 nem
227 538 299 565 nec
326 526 442 565 vestis
471 526 602 564 habitu
628 538 700 564 nec
727 525 798 564 alio
825 525 902 564 ullo
931 523 1072 574 insigni
1096 524 1313 563 differentes
1335 537 1354 562 a
1377 523 1512 563 ceteris

108 583 254 623 civibus
276 583 471 629 vidissent,
494 584 528 621 ei
551 594 788 634 conspexere
809 593 1022 633 purpuram
1045 593 1088 619 ac
1109 580 1284 619 diadema
1307 593 1350 620 ao
1371 580 1511 620 satelli-
1541 593 1562 624 4

106 645 164 679 tes
192 645 361 679 armatos
390 639 662 691 quadrigisque
690 639 802 678 etiam
831 639 1008 678 alborum
1037 650 1226 689 equorum
1253 638 1447 677 interdum
1469 650 1513 676 ex

106 697 210 747 regia
239 697 512 748 procedentem
544 708 653 735 more
680 696 839 748 Dionysi
866 695 1029 747 tyranni.
1076 695 1179 733 hunc
1199 700 1276 733 tam
1301 694 1512 746 superbum
1543 705 1561 735 5

107 759 333 805 apparatum
375 753 625 805 habitumque
665 753 930 792 convenientis
966 751 1228 803 sequebantur
1265 757 1512 802 contemptus

108 811 282 850 omnium
318 810 542 858 hominum,
583 810 776 862 superbae
808 822 939 856 aures,
976 809 1258 848 contumeliosa
1291 808 1409 856 dicta,
1437 808 1513 847 rari

107 867 232 906 aditus
254 879 334 906 non
357 867 490 907 alienis
512 868 631 906 modo
655 867 722 906 sed
744 867 936 906 tutoribus
954 866 1080 912 etiam,
1102 865 1278 904 libidines
1296 877 1430 912 novae,
1454 865 1514 903 in-

108 925 275 963 humana
298 924 514 964 crudelitas.
540 924 681 976 sitaque
703 929 833 963 tantus
857 923 984 962 omnis
1000 925 1126 962 terror
1143 922 1348 969 invaserat,
1371 922 1514 973 utqui-
1544 929 1563 961 6

109 981 195 1020 dam
231 994 276 1020 ex
306 982 499 1020 tutoribus
532 986 597 1020 aut
629 986 755 1019 morte
783 980 996 1019 voluntaria
1022 985 1087 1019 aut
1113 980 1201 1030 fuga
1228 984 1516 1030 praeverterent

107 1043 254 1077 metum
283 1038 577 1090 suppliciorum.
624 1043 702 1077 tres
733 1051 777 1077 ex
799 1038 844 1084 is,
868 1037 1007 1088 quibus
1029 1036 1122 1075 solis
1145 1036 1270 1075 aditus
1292 1036 1331 1074 in
1353 1037 1514 1075 domum
1544 1047 1561 1079 7

106 1095 332 1134 familiarior
360 1100 459 1142 erat,
488 1095 793 1134 Andranodorus
821 1099 857 1133 et
882 1094 1074 1145 Zoippus,
1102 1093 1231 1144 generi
1253 1092 1450 1141 Hieronis,
1479 1098 1516 1132 et

63 1160 75 1168 ⁷
108 1151 258 1190 Thraso
288 1151 461 1203 quidam,
493 1152 538 1190 de
565 1151 646 1190 aliis
674 1151 827 1203 quidem
856 1151 971 1190 rebus
999 1151 1101 1189 haud
1123 1162 1360 1201 magnopere
1382 1150 1514 1189 audie-
1542 1156 1561 1188 8

108 1207 267 1248 bantur:
299 1209 494 1247 tendendo
517 1212 644 1247 autem
667 1208 742 1248 duo
765 1208 810 1247 ad
833 1207 1180 1258 Carthaginienses,
1205 1207 1355 1246 Thraso
1379 1207 1423 1246 ad
1447 1219 1513 1245 so-
1543 1212 1562 1244 9

108 1331 139 1363 6.
154 1351 193 1355 —
210 1333 309 1373 velut,
329 1331 357 1374 2,
376 1331 428 1373 36,
450 1331 477 1363 1.
492 1351 530 1355 —
551 1332 698 1375 efficere,
716 1343 775 1374 ge-

112 1378 275 1409 wiihnlich
288 1378 415 1420 facere
432 1378 495 1409 wie
520 1376 540 1419 ξ
569 1378 626 1417 13;
650 1379 717 1419 vgl.
743 1378 773 1419 2,

109 1422 167 1463 60,
185 1423 222 1462 43
243 1422 301 1463 39,
322 1423 357 1453 51
375 1448 382 1463 ,
401 1422 431 1455 6.
455 1442 501 1446 —
521 1425 632 1466 primo
658 1434 773 1467 consp.

848 1332 913 1364 und
932 1332 1019 1363 kann
1038 1332 1140 1363 daher
1157 1332 1216 1363 mit
1232 1341 1355 1370 curru,
1373 1332 1513 1364 navibus

850 1389 880 1410 n.
900 1378 930 1409 a.
949 1378 1140 1409 verbunden
1160 1378 1306 1409 werden.
1342 1377 1407 1409 Das
1427 1377 1513 1409 Sub—

843 1423 915 1464 ject
931 1423 1021 1464 giebt
1039 1424 1097 1454 der
1114 1423 1410 1463 Zusammenbang.

107 1469 171 1500 wie
193 1470 306 1512 primo
324 1467 489 1501 adventu:
515 1480 550 1500 so
569 1470 631 1501 wie
650 1480 688 1500 er
704 1470 773 1501 sich

109 1524 181 1545 zum
201 1514 400 1546 erstenmale
420 1514 587 1546 iiffentlicli
606 1515 726 1555 zeigte,
745 1525 771 1547 s,

109 1559 140 1599 6,
160 1558 190 1599 S,
209 1560 238 1591 6.
257 1578 301 1582 —-
331 1570 441 1602 quam,
468 1559 532 1591 Cic.
551 1560 650 1592 Verr.
668 1560 698 1598 3,
718 1559 770 1601 86,

109 1604 192 1635 200:
226 1605 306 1636 haec
340 1615 438 1646 quam
463 1608 532 1637 sint
552 1607 674 1648 gravia
699 1610 775 1645 etc„

112 1651 178 1690 vgl.
199 1650 251 1692 23,
271 1650 321 1690 10,
343 1650 372 1682 3.

154 1695 252 1727 3—4.
270 1694 392 1735 Gelon„
408 1695 460 1736 23,
477 1695 530 1727 30.
545 1716 585 1719 —
603 1699 683 1728 rest.
700 1697 774 1728 hab.

108 1740 153 1772 ist
173 1751 331 1784 purpura
356 1741 397 1772 im
415 1741 509 1782 Folg.
535 1742 776 1784 entsprechend

111 1786 162 1817 die
194 1788 296 1818 vestis
324 1788 432 1828 regia,
462 1787 600 1825 welche,
631 1788 693 1818 wie
710 1787 777 1819 alio

111 1831 209 1870 zeigt,
227 1841 268 1861 zu
287 1832 348 1862 den
366 1832 506 1871 insignia
524 1833 657 1874 geho’rt,
677 1843 702 1863 s.
722 1832 776 1874 27,

113 1875 165 1917 31,
184 1875 219 1906 4:
244 1875 378 1918 dempto
396 1878 514 1919 capitis
537 1878 668 1918 insigmi
690 1887 775 1919 pur—

108 1930 262 1963 puraque
295 1924 397 1963 atque
436 1921 500 1953 alio
542 1924 636 1964 regio
677 1923 775 1954 habc-

112 1968 149 1997 ἑτι
182 1969 387 2008 aequaverat
413 1969 532 1998 ceteris
563 1978 600 1998 se
630 1968 666 1998 in
698 1979 774 2011 spe-

111 2012 194 2042 ciem
224 2011 434 2055 (Philippus).
460 2030 504 2034 —
528 2012 655 2052 c'z'dcss„
687 2024 713 2044 s.
736 2012 774 2045 Z

109 2054 130 2097 ξ
149 2055 224 2088 558.
244 2057 283 2088 Α.
306 2075 351 2080 —
375 2067 582 2111 conspeoeere
605 2062 681 2099 etc,
706 2059 772 2098 vgl.

110 2100 226 2144 Polyb
253 2113 280 2133 c
307 2102 341 2133 7:
371 2101 464 2138 τινὲς
492 2103 566 2136 τῶν
595 2100 774 2148 Zoyojpci-

110 2157 193 2199 (ρων
220 2166 263 2169 -
293 2144 410 2180 πολύν
439 2158 521 2181 τηα
551 2150 776 2190 πεποίηιται

109 2188 222 2244 λόγον
252 2210 296 2216 —
326 2192 605 2246 τραμρὸοῦιτες
638 2192 676 2225 δὲ
710 2192 776 2235 τὴν

110 2232 281 2288 ὠμότητα
320 2239 392 2270 τῶν
431 2236 582 2292 τρόπων
620 2239 680 2270 καὶ
713 2237 777 2282 τὴι

111 2278 282 2323 ἀσέβειαν
299 2283 371 2315 τῶν
388 2285 558 2336 πραξεων
574 2284 642 2324 (des
657 2284 775 2317 Hiero-

110 2328 240 2379 nymus)
258 2346 302 2350 —
325 2325 418 2360 ὥστε
434 2341 485 2373 μη
467 2340 527 2371 ητε
546 2326 716 2374 Φάλαοιν
732 2349 777 2353 --

110 2369 198 2416 μήτ’
221 2369 332 2406 ἄλλον
347 2372 491 2417 μηδένα
508 2385 574 2426 γε)
577 2375 701 2408 ονέναι
719 2372 777 2407 τύ-

111 2427 247 2463 ρανιον
268 2417 410 2452 ἐκείνου
433 2417 666 2474 πικρότερον.
712 2422 771 2453 καὶ

111 2474 201 2498 παις
215 2463 437 2518 παραλαβωι
453 2463 518 2507 τὴν
540 2461 672 2509 αρχήν,
697 2465 772 2498 εἶτα

109 2508 228 2560 μῆνας
246 2520 287 2542 ου
307 2510 457 2546 πλείους
474 2510 585 2563 τριῶν
607 2511 666 2543 καὶ
685 2510 772 2544 δέκα

109 2549 247 2594 βιώσας
277 2551 475 2599 μετήλλαξε
508 2554 572 2588 τὸν
601 2558 696 2598 βιον.
728 2575 773 2580 -—

110 2608 266 2640 ac—-ac,
285 2611 312 2632 c.
331 2600 362 2640 9,
384 2600 435 2641 10,
453 2601 519 2641 vgl.
536 2601 588 2642 22,
608 2601 661 2641 48,
680 2602 711 2633 4.
728 2621 772 2625 -

111 2643 227 2685 quadr.
246 2644 310 2677 alb.
329 2656 375 2685 e.,
395 2645 430 2686 5,
450 2645 502 2688 23,
520 2645 550 2678 6.
573 2665 617 2670 —
636 2647 773 2689 proced.

111 2689 226 2721 deutet
254 2701 316 2722 nur
344 2691 396 2722 die
426 2690 694 2734 Fortbewegung
720 2703 773 2734 an,

894 1468 994 1500 5—6.
1024 1472 1199 1512 apparat„
1219 1468 1328 1509 Alles,
1346 1469 1459 1500 womit
1476 1478 1513 1499 er

847 1514 913 1546 sich
933 1515 1093 1554 unigiebt3
1117 1515 1270 1546 habitum
1288 1514 1378 1545 seine
1397 1514 1513 1554 eigene

847 1560 1076 1600 Erscheinung
1090 1560 1148 1591 mit
1162 1561 1233 1591 deni
1244 1559 1377 1591 Diadeni
1392 1570 1424 1591 u.
1434 1570 1460 1591 s.
1470 1569 1512 1591 w.

849 1607 1092 1646 com-ene·ent1·.s·‚
1118 1604 1323 1645 Nominativ,
1355 1615 1381 1636 s.
1406 1615 1434 1636 c.
1460 1604 1514 1643 29,

853 1650 909 1689 123
930 1650 989 1690 32,
1016 1650 1053 1689 23
1074 1651 1134 1692 25,
1153 1650 1212 1691 39,
1232 1651 1250 1682 9
1268 1661 1300 1682 u.
1318 1661 1366 1689 u.;
1396 1651 1464 1691 vgl.
1483 1650 1513 1689 9,

850 1696 903 1734 22,
919 1696 948 1737 8,
968 1700 1050 1728 statt
1066 1697 1128 1727 den
1146 1697 1365 1737 allgemeinen
1381 1695 1512 1736 Begriff,

850 1746 936 1773 etwa
954 1752 1077 1781 mores,
1096 1740 1207 1782 folgen
1228 1752 1268 1773 zu
1285 1742 1396 1773 lassen
1409 1766 1417 1782 ,
1436 1742 1514 1782 geht

849 1786 886 1818 L.
907 1787 1052 1827 sogleich
1070 1786 1129 1818 auf
1146 1788 1197 1818 die
1216 1787 1388 1819 einzelnen
1407 1787 1514 1818 Aeus-

850 1842 1015 1872 serungen
1054 1832 1112 1863 des
1148 1832 1386 1865 Uebermuthes
1419 1832 1513 1872 iiber,

848 1877 914 1916 vgl.
941 1887 968 1908 c.
994 1877 1031 1916 3,
1057 1877 1090 1908 7:
1114 1877 1348 1919 adfinguntur.
1366 1895 1412 1901 —-
1435 1887 1514 1909 con-

850 1925 1007 1965 temptus,
1038 1921 1172 1954 Lucret.
1203 1924 1233 1963 5,
1266 1922 1367 1955 1278:
1397 1934 1415 1954 e
1437 1933 1514 1954 con-

849 1969 1031 2011 temptibus
1051 1969 1140 2007 eoeit‚·
1161 1967 1198 1999 Z.
1218 1968 1238 2010 ξ
1257 1968 1363 2000 92.—
1378 1969 1512 2012 superb.

848 2023 940 2045 aur..-
966 2013 1049 2045 beiin
1076 2012 1228 2045 Anho'ren
1258 2015 1364 2054 (wenn
1390 2024 1428 2045 er
1445 2013 1515 2045 Au-

848 2058 942 2089 dienz
967 2059 1045 2100 gab)
1072 2059 1181 2099 zeigte
1207 2070 1244 2090 er
1269 2060 1382 2091 seinen
1401 2059 1512 2097 Stolz3

848 2104 879 2134 in
899 2104 1012 2135 seinen
1030 2104 1268 2136 verletzenden
1280 2130 1288 2144 ,
1304 2104 1516 2136 ehrenriihri-

848 2159 910 2190 gen
937 2149 1134 2182 Antworten
1159 2150 1249 2181 seine
1274 2149 1515 2190 Geriugschiiz—

849 2205 946 2235 zung,
964 2195 1070 2235 vergl.
1090 2194 1142 2236 34,
1163 2196 1193 2235 5,
1212 2195 1271 2227 13:
1288 2197 1454 2239 superbas
1469 2212 1515 2217 —

848 2251 948 2272 aures
965 2240 1136 2281 habemus,
1155 2243 1187 2272 εἰ
1200 2259 1244 2264 ——
1257 2252 1320 2272 nos
1337 2242 1458 2282 rogari
1472 2241 1514 2271 ab

848 2286 998 2317 honestis
1027 2287 1176 2328 seminis
1215 2286 1444 2328 indignamur.
1469 2302 1514 2308 —-·

847 2333 924 2364 rari
939 2331 1004 2373 ad.,
1024 2331 1090 2363 Cic.
1111 2332 1140 2363 d.
1161 2332 1235 2374 imp.
1255 2331 1364 2373 Pomp.
1388 2331 1437 2370 14,
1451 2330 1511 2361 41:

837 2376 970 2419 faciles
987 2377 1100 2409 aditus
1122 2376 1168 2409 ad
1190 2387 1266 2409 eum
1287 2379 1512 2419 privatorum.

848 2425 1077 2465 —-p7·aez=er·t.
1105 2425 1200 2463 met.,
1231 2422 1279 2453 sie
1306 2422 1420 2453 kamen
1450 2421 1511 2452 den

844 2467 1008 2511 supplicia
1042 2468 1112 2508 (der
1145 2467 1330 2509 qualvollen
1361 2466 1514 2498 Hinrich-

845 2514 935 2553 tung)
955 2523 1069 2551 zuvor‚
1095 2513 1274 2551 entssohen,
1299 2512 1358 2543 ebe
1377 2512 1425 2543 sie
1443 2512 1513 2543 ein—

844 2562 972 2595 traten3
994 2568 1099 2601 praet
1103 2560 1164 2589 e1t
1182 2557 1314 2589 bezieht
1336 2557 1403 2588 sich
1423 2557 1515 2588 mehr

844 2602 1078 2647 aufsupplceia
1090 2603 1139 2634 als
1162 2600 1222 2634 auf
1241 2605 1379 2643 metum,
1403 2603 1443 2634 da
1465 2602 1512 2633 sie

846 2648 927 2680 eben
951 2659 1010 2680 aus
1034 2647 1158 2679 Furcht
1175 2648 1303 2679 ssiehen.

891 2693 990 2724 8—9.
1020 2693 1097 2733 duo,
1127 2703 1153 2724 s.
1180 2704 1207 2724 c.
1235 2693 1267 2735 4,
1293 2693 1328 2724 9:
1364 2694 1445 2737 ipse.
1470 2710 1512 2715 -
