1784 2967
88 584 106 615 ΕΠ

70 865 108 897 10

135 263 159 280 a.
178 255 230 281 Ch.
247 255 310 280 212.

570 241 695 275 LIBER
711 240 823 273 XXV.
858 240 947 273 CAP.
967 241 1020 275 32.
1040 242 1094 274 33.

1456 241 1534 281 179

133 347 270 387 virium
299 346 504 385 credebant
530 344 740 384 accessisse
767 343 900 394 viginti
927 344 1029 383 milia
1051 344 1328 384 Celtiberorum
1349 356 1390 382 ea
1410 343 1537 382 hieme

134 405 180 443 ad
202 416 307 442 arma
329 403 461 442 excita.
485 402 657 441 hostium
674 406 753 440 tres
771 400 960 439 exercitus
977 406 1095 440 erant.
1126 400 1339 440 Hasdrubal
1356 400 1537 451 Gisgonis
1566 409 1585 440 4

135 460 233 499 filius
270 465 307 499 et
332 460 442 511 Mago
471 458 684 499 coniunctis
712 457 847 496 castris
877 457 1043 508 quinque
1068 458 1188 496 ferme
1216 458 1365 497 dierum
1392 457 1465 496 iter
1490 456 1535 496 ab

135 517 320 556 Romanis
349 517 519 556 aberant.
562 515 723 566 propior
744 519 824 553 erat
843 513 1068 553 Hamilcaris
1091 514 1190 553 lilius
1211 514 1445 562 Hasdrubal,
1473 526 1535 552 ve-
1565 526 1584 557 5

135 579 198 613 tus
219 574 258 612 in
280 573 462 624 Hispania
490 573 717 623 imperator,
749 571 794 610 ad
816 570 950 609 urbem
977 570 1135 609 nomine
1156 571 1369 621 Amtorgim
1391 570 1536 609 exerci-

136 636 216 670 tum
240 630 414 669 habebat.
448 642 535 668 eum
553 628 735 667 volebant
750 627 858 678 prius
877 627 1046 678 opprimi
1062 627 1178 665 duces
1196 627 1373 674 Romani,
1395 632 1433 666 et
1448 639 1538 678 spes
1567 635 1586 667 6

135 693 216 726 erat
236 687 327 726 satis
351 698 542 737 superque
563 686 610 724 ad
633 684 670 723 id
692 685 829 723 virium
852 696 957 723 esse:
983 683 1043 722 illa
1064 683 1235 722 restabat
1256 696 1357 731 cura,
1379 696 1427 722 ne
1448 684 1537 723 fuso

136 757 180 783 eo
209 743 373 795 perculsi
401 742 493 781 alter
521 741 734 781 Hasdrubal
762 746 798 780 et
824 741 933 791 Mago
963 740 1002 779 in
1029 740 1133 779 avios
1162 740 1281 779 saltus
1310 745 1540 790 montesque

137 800 365 852 recipientes
394 812 478 838 sese
503 799 643 838 bellum
670 798 923 837 extraherent.
966 797 1156 848 optimum
1179 797 1295 847 igitur
1314 796 1387 835 rati
1408 796 1538 835 divisis

137 857 314 897 bifariam
333 856 455 908 copiis
476 856 597 895 totius
620 855 735 894 simul
756 855 961 906 Hispaniae
984 854 1161 905 amplecti
1182 853 1343 900 bellum,
1371 853 1423 892 ita
1444 852 1542 891 inter

136 927 177 953 se
198 914 421 960 diviserunt,
445 919 485 952 ut
508 913 548 951 P.
573 912 773 952 Cornelius
792 912 887 951 duas
910 916 1038 963 partes
1061 910 1249 950 exercitus
1270 910 1539 949 Romanorum

136 971 412 1021 sociorumque
451 970 632 1009 adversus
665 970 868 1020 Magonem
909 969 1065 1007 duceret
1098 973 1209 1018 atque
1248 966 1542 1013 Hasdrubalem,

136 1027 202 1067 Cn.
231 1027 430 1067 Cornelius
458 1039 544 1065 cum
580 1026 689 1065 tertia
725 1030 831 1077 parte
865 1024 1002 1063 veteris
1031 1024 1219 1063 exercitus
1247 1023 1444 1062 Celtiberis
1472 1023 1539 1062 ad·
1571 1029 1590 1060 8

139 1085 276 1124 iunctis
312 1096 399 1123 cum
427 1083 663 1122 Hasdrubale
694 1082 857 1121 Barcino
894 1081 1033 1120 bellum
1069 1086 1229 1130 gereret.
1275 1092 1351 1118 una
1378 1079 1542 1130 profecti
1571 1084 1589 1116 9

138 1141 249 1181 ambo
287 1141 404 1180 duces
433 1140 698 1191 exercitusque
721 1138 918 1177 Celtiberis
946 1136 1303 1188 praegredientibus
1332 1136 1378 1175 ad
1404 1135 1539 1175 urbem

136 1198 351 1249 Amtorgim
373 1197 411 1235 in
435 1202 644 1248 conspectu
672 1195 845 1234 hostium
875 1194 1078 1234 dirimente
1105 1194 1208 1233 amni
1230 1198 1384 1244 ponunt
1405 1198 1540 1232 castra.

136 1255 187 1294 ibi
217 1254 283 1294 Cn.
311 1254 441 1305 Scipio
473 1266 560 1292 cum
591 1253 728 1304 quibus
759 1257 846 1290 ante
875 1251 1018 1290 dictum
1048 1256 1106 1289 est
1133 1250 1255 1302 copiis
1284 1249 1477 1296 substitit,
1507 1253 1543 1287 et
1575 1258 1612 1290 10

134 1311 176 1351 P.
200 1311 328 1362 Scipio
350 1310 550 1361 profectus
573 1310 620 1348 ad
641 1308 869 1348 destinatam
891 1307 976 1346 belli
997 1312 1157 1359 partem.

247 1367 461 1407 Hasdrubal
477 1371 686 1419 postquam
704 1365 971 1405 animadvertit
992 1365 1171 1416 exiguum
1188 1364 1409 1403 Romanum
1431 1375 1540 1402 exer-
1568 1367 1620 1406 33

135 1522 180 1527 —
192 1504 260 1546 vig.
273 1514 318 1535 m.
337 1503 428 1544 Celt„
440 1503 509 1544 vgl.
523 1502 576 1544 24,
590 1502 641 1543 49,
662 1502 699 1541 ὅς
715 1501 805 1542 jetzt

137 1550 264 1581 seheint
291 1549 342 1580 die
367 1548 448 1580 Zahl
478 1549 537 1580 der
566 1546 804 1589 Hiilfstruppen

137 1596 305 1627 vermehrt
322 1605 363 1625 zu
381 1595 462 1626 sein.

181 1640 280 1672 4—5.
315 1643 401 1680 tres,
429 1640 553 1670 vorher
581 1648 652 1669 war
680 1648 716 1669 es
745 1647 806 1668 nur

137 1686 225 1726 eins,
243 1696 339 1717 wenn
356 1686 436 1716 auch
455 1684 539 1716 zwei
557 1683 739 1715 Feldherrn
752 1708 759 1722 ,
778 1693 805 1714 s.

138 1731 197 1770 24,
216 1731 275 1773 41,
300 1731 334 1769 13
360 1730 425 1770 vgl.
445 1730 527 1771 App.
547 1728 590 1760 lb.
615 1728 668 1759 16:
696 1729 807 1770 θέμε-

137 1786 196 1808 νοι
221 1773 256 1807 δ”
284 1775 321 1807 οἱ
338 1771 592 1817 Καρχηὸρνωι
617 1774 711 1818 πρὸς
728 1769 805 1805 Σύ-

139 1831 239 1862 (saxa
263 1817 426 1863 εἰρήνην,
457 1819 566 1854 αὐθις
593 1816 806 1862 ἐξέπεμπον

139 1862 346 1911 ἶς’Ῑβηρίαν
363 1861 696 1915 ἓζσδρούβανλιιετὰ
716 1863 803 1895 πλέ-

141 1921 225 1947 ονος
243 1920 400 1955 στρατου
418 1911 477 1941 καὶ
495 1908 704 1952 &apamenis
729 1919 807 1952 τρι-
856 1930 858 1932 -

140 1953 294 1998 ἄκοντα,
312 1955 371 1987 καὶ
391 1953 458 1988 σὺν
475 1951 572 1996 αὐτῷ
590 1949 720 1989 ἄλλους
738 1950 805 1985 δύο

140 1997 380 2045 στρατηγούς,
402 1996 575 2044 ΝΙάγωνά
594 2010 630 2032 τε
647 1999 706 2031 καὶ
727 1995 806 2042 Ἀξ-

140 2043 303 2090 &poesim
324 2043 466 2090 ἕτερον,
492 2041 532 2081 ὃς
557 2047 742 2080 Γίσκωνος
767 2044 808 2085 ἠν

141 2089 230 2128 υἱός.
247 2110 293 2115 —
308 2093 384 2129 iter,
403 2101 429 2124 S.
449 2090 486 2123 Z.
508 2091 525 2132 ξ
544 2090 620 2121 396.
637 2108 683 2112 —
701 2092 806 2129 retus,

141 2137 195 2175 27,
213 2137 274 2179 47,
293 2138 327 2168 5:
351 2136 435 2169 illud
450 2139 595 2169 veterem
613 2135 729 2167 ducem
747 2135 807 2167 ad-

141 2185 340 2224 suetamque
357 2182 507 2214 Romano
525 2182 617 2213 hosti
633 2182 747 2213 movit.
765 2198 809 2204 ——-

142 2229 350 2269 Amtorgim,
365 2227 415 2259 die
424 2227 511 2266 Lage
527 2227 586 2258 der
596 2226 693 2258 Stadt
708 2226 809 2265 (viell.

143 2273 174 2304 in
200 2273 259 2304 der
276 2272 368 2305 N'ahe
387 2283 450 2303 von
475 2271 617 2312 llliturgi
643 2272 724 2303 oder
747 2270 810 2303 Ca-

143 2318 243 2357 stulo)
262 2318 326 2348 und
345 2317 402 2348 der
417 2317 533 2357 Name,
552 2318 634 2349 deun
653 2327 692 2348 an
711 2328 742 2348 u.
760 2316 808 2349 St.

143 2365 199 2395 hat
229 2363 279 2394 die
309 2363 430 2394 {ilteste
457 2362 577 2394 Hdseb.
601 2363 809 2404 Amtorgim,

143 2407 164 2451 ξ
182 2409 200 2440 9
218 2410 422 2448 Auz‘m‘gem,
441 2408 512 2439 sind
529 2407 707 2447 ungewiss.

191 2453 290 2485 ss—S.
317 2453 384 2492 illa,
409 2463 471 2484 nur
496 2453 558 2484 die
578 2452 694 2492 Sorge.
717 2469 762 2475 —
778 2454 810 2483 in

145 2502 236 2531 avios
254 2511 299 2538 s.,
318 2499 380 2529 wie
399 2498 458 2538 22,
484 2497 536 2529 20.
555 2515 599 2520 —
614 2499 716 2529 totius
735 2501 811 2536 etc„

146 2545 207 2576 den
224 2543 326 2584 Hrieg
343 2544 374 2575 in
393 2554 476 2583 ganz
495 2543 655 2584 Spanien,
674 2543 704 2573 in'
722 2542 811 2574 allen

146 2589 284 2621 Theilen
299 2589 485 2620 desselben.
503 2606 544 2610 ——
563 2588 724 2631 amplecti,
742 2588 811 2628 vgl.

147 2633 227 2666 Tac.
245 2634 326 2675 Agr.
353 2634 411 2665 17:
437 2644 598 2675 magnam
614 2633 813 2665 Britanniae

144 2683 280 2723 partem
303 2682 365 2712 aut
391 2681 531 2711 victoria
558 2678 735 2722 ampleoeus
761 2680 814 2710 est

878 1504 939 1534 aut
966 1501 1058 1533 bello.
1087 1518 1132 1524 —-
1161 1500 1355 1541 diviserunt,
1384 1509 1444 1531 aus
1472 1498 1544 1530 dem

879 1547 974 1587 Folg.
994 1548 1039 1578 ist
1055 1546 1157 1578 leicht
1171 1549 1357 1578 emere-itum
1372 1555 1413 1576 zu
1427 1544 1545 1585 erg'an-

879 1603 960 1631 zen,
980 1593 1031 1624 die
1047 1591 1310 1631 wiederholung
1327 1591 1385 1622 des
1403 1589 1544 1621 Wortes

880 1639 1007 1669 scheint
1023 1637 1230 1678 absicbtlIch,
1253 1647 1306 1668 um
1329 1636 1381 1667 die
1398 1633 1544 1667 Ausfiih-

880 1694 964 1724 rung
987 1684 1044 1714 des
1062 1683 1121 1714 mit
1144 1682 1260 1714 divisis
1278 1686 1341 1713 etc.
1359 1680 1544 1721 angegebe-

881 1740 942 1760 nen
967 1728 1183 1759 Beschlusses
1207 1738 1249 1758 zu
1272 1726 1489 1766 bezeichnen,
1520 1736 1546 1757 s.

878 1774 932 1814 24,
950 1774 1000 1814 12,
1016 1774 1045 1804 7.
1064 1792 1109 1795 —
1126 1772 1212 1805 (luas
1224 1783 1272 1816 μ,
1287 1772 1371 1803 zwei
1386 1771 1546 1802 Dritthei-

877 1819 920 1850 le.
938 1837 982 1841 -
995 1819 1150 1857 Barcino,
1166 1828 1234 1849 was
1249 1816 1269 1859 ξ
1284 1818 1302 1848 5
1311 1817 1410 1860 filius
1422 1815 1546 1848 Hamil-

878 1866 965 1897 caris
982 1864 1036 1895 ist.

925 1932 955 1964 9.
987 1933 1169 1972 eoeercz‘tus,
1199 1931 1250 1962 die
1281 1930 1396 1962 beiden
1427 1929 1546 1971 Heere,

880 1977 943 2008 wie
974 1978 1021 2009 sie
1054 1977 1194 2018 getheilt
1222 1986 1349 2008 waren.
1377 1993 1422 1998 —
1444 1976 1546 2015 amni,

879 2023 1026 2054 welcher
1045 2022 1144 2054 Fluss
1162 2022 1271 2053 dieses
1297 2022 1362 2060 sei,
1390 2020 1434 2052 ist
1458 2020 1548 2051 nicht

880 2068 940 2100 mit
956 2068 1142 2100 Sicherbeit
1156 2078 1196 2099 zu
1210 2067 1420 2104 bestimmen,
1439 2066 1478 2096 da
1492 2064 1546 2106 je-

880 2114 962 2145 doch
981 2114 1061 2145 nach
1086 2112 1145 2153 28,
1176 2112 1232 2153 19,
1256 2111 1294 2143 2:
1322 2111 1549 2153 Illiturgilaul

879 2159 1061 2202 prodendis
1078 2160 1136 2201 qui
1158 2169 1203 2190 ex
1218 2157 1274 2189 illa
1286 2156 1377 2189 clade
1395 2157 1465 2195 (der
1478 2155 1548 2186 Sei-

880 2205 1012 2247 pionen)
1027 2204 1072 2236 ad
1083 2216 1139 2237 eos
1150 2204 1389 2247 peffugertmt,
1403 2201 1454 2231 die
1468 2200 1546 2231 Nie-

881 2250 1016 2290 derlage
1042 2250 1130 2281 nicht
1154 2260 1189 2280 so
1214 2248 1294 2279 weit
1316 2258 1379 2279 von
1404 2245 1546 2285 llliturgi

883 2294 1006 2336 erfolgt
1030 2296 1099 2327 sein
1117 2295 1220 2334 kann,
1246 2294 1290 2324 ist
1306 2292 1370 2323 wol
1389 2291 1448 2322 der
1466 2290 1546 2321 Bae-

883 2341 927 2372 tis
945 2341 1105 2381 gemeint‚
1130 2340 1159 2370 in
1178 2339 1303 2370 keinem
1324 2336 1397 2369 Fall
1415 2336 1473 2366 der
1489 2335 1547 2366 Hi-

882 2386 998 2426 berus,
1028 2387 1088 2417 den
1119 2385 1168 2416 die
1193 2384 1314 2415 Punier
1340 2385 1410 2413 erst
1435 2381 1548 2422 sp'aeiter

884 2432 1067 2471 erreicben,
1087 2442 1112 2462 s.
1133 2441 1159 2461 c.
1180 2429 1235 2469 37,
1257 2428 1287 2459 S.
1305 2445 1349 2450 -—
1365 2428 1443 2457 aute
1459 2425 1490 2457 d.
1509 2436 1547 2466 e.,

885 2477 973 2508 nicht
990 2477 1182 2508 substitisse
1200 2474 1341 2505 sondern
1356 2481 1430 2503 cum
1445 2472 1548 2514 copiis

884 2533 965 2564 quas
983 2524 1060 2553 ante
1083 2520 1249 2557 dioeimus,
1275 2518 1356 2548 oder
1372 2527 1455 2559 quas
1473 2526 1549 2548 eum

884 2569 1052 2610 accepisse
1076 2568 1153 2597 ante
1175 2564 1300 2596 dictum
1324 2565 1391 2603 est,
1419 2561 1487 2602 vgl.
1520 2561 1548 2601 1,

886 2613 938 2652 29,
957 2612 988 2643 4.

933 2669 1001 2708 33.
1046 2674 1141 2707 1-3,
1189 2674 1372 2715 exiguum,
1404 2682 1466 2704 nur
1499 2671 1551 2704 ein

1215 2728 1279 2761 12*
