<?xml version="1.0" encoding="UTF-8"?>
<!DOCTYPE html PUBLIC "-//W3C//DTD XHTML 1.0 Transitional//EN"
    "http://www.w3.org/TR/xhtml1/DTD/xhtml1-transitional.dtd">
<html xmlns="http://www.w3.org/1999/xhtml" xml:lang="en" lang="en">
 <head>
  <title>
</title>
<meta http-equiv="Content-Type" content="text/html;charset=utf-8" />
  <meta name='ocr-system' content='tesseract 3.04.00' />
  <meta name='ocr-capabilities' content='ocr_page ocr_carea ocr_par ocr_line ocrx_word'/>
</head>
<body>
  <div class='ocr_page' id='page_1' title='image "./aburbeconditalib0506livyuoft_0337.png"; bbox 0 0 1784 2967; ppageno 0'>
   <div class='ocr_carea' id='block_1_1' title="bbox 23 831 60 864">
    <p class='ocr_par' dir='ltr' id='par_1_1' title="bbox 23 831 60 864">
     <span class='ocr_line' id='line_1_1' title="bbox 23 831 60 864; baseline -0.054 0"><span class='ocrx_word' id='word_1_1' title='bbox 23 831 60 864; x_wconf 85' lang='lat'>10</span> 
     </span>
    </p>
   </div>
   <div class='ocr_carea' id='block_1_2' title="bbox 8 1089 15 1183">
    <p class='ocr_par' dir='ltr' id='par_1_2' title="bbox 8 1089 15 1183">
     <span class='ocr_line' id='line_1_2' title="bbox 8 1089 15 1183; baseline 0 0"><span class='ocrx_word' id='word_1_2' title='bbox 8 1089 15 1183; x_wconf 95' lang='lat' dir='ltr'> </span> 
     </span>
    </p>
   </div>
   <div class='ocr_carea' id='block_1_3' title="bbox 4 1410 10 1567">
    <p class='ocr_par' dir='ltr' id='par_1_3' title="bbox 4 1410 10 1567">
     <span class='ocr_line' id='line_1_3' title="bbox 4 1410 10 1567; baseline 0 1400"><span class='ocrx_word' id='word_1_3' title='bbox 4 1410 10 1567; x_wconf 95' lang='lat' dir='ltr'> </span> 
     </span>
    </p>
   </div>
   <div class='ocr_carea' id='block_1_4' title="bbox 516 212 1490 252">
    <p class='ocr_par' dir='ltr' id='par_1_4' title="bbox 516 212 1490 252">
     <span class='ocr_line' id='line_1_4' title="bbox 516 212 1490 252; baseline 0.005 -5"><span class='ocrx_word' id='word_1_4' title='bbox 516 214 643 247; x_wconf 84' lang='lat' dir='ltr'>LIBER</span> <span class='ocrx_word' id='word_1_5' title='bbox 660 212 786 246; x_wconf 88' lang='lat' dir='ltr'>XXVI.</span> <span class='ocrx_word' id='word_1_6' title='bbox 821 213 913 246; x_wconf 83' lang='lat' dir='ltr'>CAP.</span> <span class='ocrx_word' id='word_1_7' title='bbox 932 214 986 246; x_wconf 86' lang='lat'>47.</span> <span class='ocrx_word' id='word_1_8' title='bbox 1004 214 1058 246; x_wconf 81' lang='lat'>48.</span> <span class='ocrx_word' id='word_1_9' title='bbox 1410 212 1490 252; x_wconf 83' lang='lat'>313</span> 
     </span>
    </p>
   </div>
   <div class='ocr_carea' id='block_1_5' title="bbox 89 225 262 252">
    <p class='ocr_par' dir='ltr' id='par_1_5' title="bbox 89 225 262 252">
     <span class='ocr_line' id='line_1_5' title="bbox 89 225 262 252; baseline -0.017 0"><span class='ocrx_word' id='word_1_10' title='bbox 89 233 115 252; x_wconf 75' lang='lat' dir='ltr'>a.</span> <span class='ocrx_word' id='word_1_11' title='bbox 132 225 185 252; x_wconf 84' lang='lat' dir='ltr'>Ch.</span> <span class='ocrx_word' id='word_1_12' title='bbox 201 226 262 250; x_wconf 82' lang='lat'>210.</span> 
     </span>
    </p>
   </div>
   <div class='ocr_carea' id='block_1_6' title="bbox 88 314 1491 368">
    <p class='ocr_par' dir='ltr' id='par_1_6' title="bbox 88 314 1491 368">
     <span class='ocr_line' id='line_1_6' title="bbox 88 314 1491 368; baseline -0.004 -11"><span class='ocrx_word' id='word_1_13' title='bbox 88 318 174 366; x_wconf 89' lang='lat' dir='ltr'>mis,</span> <span class='ocrx_word' id='word_1_14' title='bbox 195 329 281 356; x_wconf 86' lang='lat' dir='ltr'>aere</span> <span class='ocrx_word' id='word_1_15' title='bbox 301 321 497 368; x_wconf 84' lang='lat' dir='ltr'>praeterea</span> <span class='ocrx_word' id='word_1_16' title='bbox 517 317 698 367; x_wconf 86' lang='lat' dir='ltr'>ferroque</span> <span class='ocrx_word' id='word_1_17' title='bbox 714 320 750 354; x_wconf 86' lang='lat' dir='ltr'>et</span> <span class='ocrx_word' id='word_1_18' title='bbox 769 314 894 354; x_wconf 88' lang='lat' dir='ltr'>linteis</span> <span class='ocrx_word' id='word_1_19' title='bbox 916 321 953 354; x_wconf 86' lang='lat' dir='ltr'>et</span> <span class='ocrx_word' id='word_1_20' title='bbox 975 321 1104 367; x_wconf 88' lang='lat' dir='ltr'>sparto</span> <span class='ocrx_word' id='word_1_21' title='bbox 1127 320 1165 354; x_wconf 87' lang='lat' dir='ltr'>et</span> <span class='ocrx_word' id='word_1_22' title='bbox 1184 314 1307 354; x_wconf 87' lang='lat' dir='ltr'>navali</span> <span class='ocrx_word' id='word_1_23' title='bbox 1323 314 1391 353; x_wconf 84' lang='lat' dir='ltr'>alia</span> <span class='ocrx_word' id='word_1_24' title='bbox 1409 326 1491 352; x_wconf 86' lang='lat' dir='ltr'>ma—</span> 
     </span>
    </p>
   </div>
   <div class='ocr_carea' id='block_1_7' title="bbox 87 371 1563 417">
    <p class='ocr_par' dir='ltr' id='par_1_7' title="bbox 87 371 1563 417">
     <span class='ocr_line' id='line_1_7' title="bbox 87 371 1563 417; baseline -0.003 -3"><span class='ocrx_word' id='word_1_25' title='bbox 87 374 181 414; x_wconf 84' lang='lat' dir='ltr'>teria</span> <span class='ocrx_word' id='word_1_26' title='bbox 201 374 246 413; x_wconf 92' lang='lat' dir='ltr'>ad</span> <span class='ocrx_word' id='word_1_27' title='bbox 269 374 429 413; x_wconf 81' lang='lat' dir='ltr'><strong>classem</strong></span> <span class='ocrx_word' id='word_1_28' title='bbox 450 373 742 417; x_wconf 81' lang='lat' dir='ltr'>aedificandam,</span> <span class='ocrx_word' id='word_1_29' title='bbox 764 376 807 410; x_wconf 88' lang='lat' dir='ltr'>ut</span> <span class='ocrx_word' id='word_1_30' title='bbox 826 371 1029 411; x_wconf 87' lang='lat' dir='ltr'>minimum</span> <span class='ocrx_word' id='word_1_31' title='bbox 1052 372 1226 411; x_wconf 90' lang='lat' dir='ltr'>omnium</span> <span class='ocrx_word' id='word_1_32' title='bbox 1249 371 1347 410; x_wconf 90' lang='lat' dir='ltr'>inter</span> <span class='ocrx_word' id='word_1_33' title='bbox 1366 376 1492 410; x_wconf 84' lang='lat' dir='ltr'>tantas</span> <span class='ocrx_word' id='word_1_34' title='bbox 1524 376 1563 408; x_wconf 85' lang='lat'>10</span> 
     </span>
    </p>
   </div>
   <div class='ocr_carea' id='block_1_8' title="bbox 90 428 824 482">
    <p class='ocr_par' dir='ltr' id='par_1_8' title="bbox 90 428 824 482">
     <span class='ocr_line' id='line_1_8' title="bbox 90 428 824 482; baseline -0.004 -13"><span class='ocrx_word' id='word_1_35' title='bbox 90 443 183 482; x_wconf 90' lang='lat' dir='ltr'>opes</span> <span class='ocrx_word' id='word_1_36' title='bbox 204 430 358 469; x_wconf 88' lang='lat' dir='ltr'>bellicas</span> <span class='ocrx_word' id='word_1_37' title='bbox 381 429 569 480; x_wconf 87' lang='lat' dir='ltr'>Carthago</span> <span class='ocrx_word' id='word_1_38' title='bbox 591 429 675 480; x_wconf 87' lang='lat' dir='ltr'>ipsa</span> <span class='ocrx_word' id='word_1_39' title='bbox 696 428 824 467; x_wconf 87' lang='lat' dir='ltr'>fuerit.</span> 
     </span>
    </p>
   </div>
   <div class='ocr_carea' id='block_1_9' title="bbox 201 483 1572 538">
    <p class='ocr_par' dir='ltr' id='par_1_9' title="bbox 201 483 1572 538">
     <span class='ocr_line' id='line_1_9' title="bbox 201 483 1572 538; baseline -0.001 -12"><span class='ocrx_word' id='word_1_40' title='bbox 201 487 257 526; x_wconf 90' lang='lat' dir='ltr'>Eo</span> <span class='ocrx_word' id='word_1_41' title='bbox 287 487 347 526; x_wconf 91' lang='lat' dir='ltr'>die</span> <span class='ocrx_word' id='word_1_42' title='bbox 369 486 500 538; x_wconf 84' lang='lat' dir='ltr'>Scipio</span> <span class='ocrx_word' id='word_1_43' title='bbox 522 487 561 525; x_wconf 90' lang='lat' dir='ltr'>C.</span> <span class='ocrx_word' id='word_1_44' title='bbox 584 484 709 524; x_wconf 91' lang='lat' dir='ltr'>Laelio</span> <span class='ocrx_word' id='word_1_45' title='bbox 732 497 819 523; x_wconf 90' lang='lat' dir='ltr'>cum</span> <span class='ocrx_word' id='word_1_46' title='bbox 843 483 960 523; x_wconf 88' lang='lat' dir='ltr'>sociis</span> <span class='ocrx_word' id='word_1_47' title='bbox 982 484 1181 523; x_wconf 83' lang='lat' dir='ltr'>navalibus</span> <span class='ocrx_word' id='word_1_48' title='bbox 1203 484 1336 523; x_wconf 87' lang='lat' dir='ltr'>urbem</span> <span class='ocrx_word' id='word_1_49' title='bbox 1360 488 1492 523; x_wconf 87' lang='lat' dir='ltr'>custo-</span> <span class='ocrx_word' id='word_1_50' title='bbox 1517 486 1572 525; x_wconf 80' lang='lat'>48</span> 
     </span>
    </p>
   </div>
   <div class='ocr_carea' id='block_1_10' title="bbox 88 540 1541 1101">
    <p class='ocr_par' dir='ltr' id='par_1_10' title="bbox 88 540 1541 1101">
     <span class='ocr_line' id='line_1_10' title="bbox 92 540 1541 594; baseline -0.001 -12"><span class='ocrx_word' id='word_1_51' title='bbox 92 543 172 582; x_wconf 88' lang='lat' dir='ltr'>dire</span> <span class='ocrx_word' id='word_1_52' title='bbox 199 544 308 582; x_wconf 89' lang='lat' dir='ltr'>iusso</span> <span class='ocrx_word' id='word_1_53' title='bbox 336 543 420 594; x_wconf 91' lang='lat' dir='ltr'>ipse</span> <span class='ocrx_word' id='word_1_54' title='bbox 453 543 491 581; x_wconf 90' lang='lat' dir='ltr'>in</span> <span class='ocrx_word' id='word_1_55' title='bbox 519 548 642 581; x_wconf 85' lang='lat' dir='ltr'>castra</span> <span class='ocrx_word' id='word_1_56' title='bbox 668 541 840 591; x_wconf 83' lang='lat' dir='ltr'>legiones</span> <span class='ocrx_word' id='word_1_57' title='bbox 868 541 1018 579; x_wconf 84' lang='lat' dir='ltr'>reduxit</span> <span class='ocrx_word' id='word_1_58' title='bbox 1043 540 1251 591; x_wconf 86' lang='lat' dir='ltr'>fessosque</span> <span class='ocrx_word' id='word_1_59' title='bbox 1280 540 1419 579; x_wconf 80' lang='lat' dir='ltr'>milites</span> <span class='ocrx_word' id='word_1_60' title='bbox 1449 553 1495 578; x_wconf 90' lang='grc' dir='ltr'>ο-</span> <span class='ocrx_word' id='word_1_61' title='bbox 1522 549 1541 580; x_wconf 87' lang='grc'>2</span> 
     </span>
     <span class='ocr_line' id='line_1_11' title="bbox 88 597 1492 648; baseline -0.003 -9"><span class='ocrx_word' id='word_1_62' title='bbox 88 600 243 639; x_wconf 80' lang='lat' dir='ltr'>mnibus</span> <span class='ocrx_word' id='word_1_63' title='bbox 266 612 343 638; x_wconf 88' lang='lat' dir='ltr'>uno</span> <span class='ocrx_word' id='word_1_64' title='bbox 366 600 426 638; x_wconf 89' lang='lat' dir='ltr'>die</span> <span class='ocrx_word' id='word_1_65' title='bbox 447 598 532 637; x_wconf 90' lang='lat' dir='ltr'>belli</span> <span class='ocrx_word' id='word_1_66' title='bbox 553 597 749 648; x_wconf 79' lang='lat' dir='ltr'><strong>operibus,</strong></span> <span class='ocrx_word' id='word_1_67' title='bbox 773 597 916 648; x_wconf 86' lang='lat' dir='ltr'>quippe</span> <span class='ocrx_word' id='word_1_68' title='bbox 939 598 1003 648; x_wconf 91' lang='lat' dir='ltr'>qui</span> <span class='ocrx_word' id='word_1_69' title='bbox 1025 603 1062 636; x_wconf 84' lang='lat' dir='ltr'>et</span> <span class='ocrx_word' id='word_1_70' title='bbox 1083 597 1161 636; x_wconf 86' lang='lat' dir='ltr'>acie</span> <span class='ocrx_word' id='word_1_71' title='bbox 1178 597 1438 642; x_wconf 80' lang='lat' dir='ltr'>dimicassent,</span> <span class='ocrx_word' id='word_1_72' title='bbox 1455 604 1492 635; x_wconf 91' lang='lat' dir='ltr'>et</span> 
     </span>
     <span class='ocr_line' id='line_1_12' title="bbox 90 653 1492 708; baseline -0.003 -13"><span class='ocrx_word' id='word_1_73' title='bbox 90 657 274 708; x_wconf 86' lang='lat' dir='ltr'>capienda</span> <span class='ocrx_word' id='word_1_74' title='bbox 300 656 395 695; x_wconf 90' lang='lat' dir='ltr'>urbe</span> <span class='ocrx_word' id='word_1_75' title='bbox 414 660 563 694; x_wconf 82' lang='lat' dir='ltr'>tantum</span> <span class='ocrx_word' id='word_1_76' title='bbox 584 654 726 693; x_wconf 89' lang='lat' dir='ltr'>laboris</span> <span class='ocrx_word' id='word_1_77' title='bbox 747 653 981 706; x_wconf 82' lang='lat' dir='ltr'>periculique</span> <span class='ocrx_word' id='word_1_78' title='bbox 1003 654 1190 699; x_wconf 87' lang='lat' dir='ltr'>adissent,</span> <span class='ocrx_word' id='word_1_79' title='bbox 1218 659 1254 692; x_wconf 90' lang='lat' dir='ltr'>et</span> <span class='ocrx_word' id='word_1_80' title='bbox 1276 659 1384 704; x_wconf 84' lang='lat' dir='ltr'>capta</span> <span class='ocrx_word' id='word_1_81' title='bbox 1406 666 1492 692; x_wconf 88' lang='lat' dir='ltr'>cum</span> 
     </span>
     <span class='ocr_line' id='line_1_13' title="bbox 90 710 1492 764; baseline -0.003 -13"><span class='ocrx_word' id='word_1_82' title='bbox 90 714 149 759; x_wconf 89' lang='lat' dir='ltr'>iis,</span> <span class='ocrx_word' id='word_1_83' title='bbox 173 713 236 764; x_wconf 89' lang='lat' dir='ltr'>qui</span> <span class='ocrx_word' id='word_1_84' title='bbox 257 712 296 750; x_wconf 92' lang='lat' dir='ltr'>in</span> <span class='ocrx_word' id='word_1_85' title='bbox 318 724 444 750; x_wconf 84' lang='lat' dir='ltr'>arcem</span> <span class='ocrx_word' id='word_1_86' title='bbox 467 711 730 762; x_wconf 77' lang='lat' dir='ltr'>confugerant,</span> <span class='ocrx_word' id='word_1_87' title='bbox 750 711 883 761; x_wconf 86' lang='lat' dir='ltr'>iniquo</span> <span class='ocrx_word' id='word_1_88' title='bbox 908 710 1022 749; x_wconf 85' lang='lat' dir='ltr'>etiam</span> <span class='ocrx_word' id='word_1_89' title='bbox 1044 710 1130 748; x_wconf 84' lang='lat' dir='ltr'>loco</span> <span class='ocrx_word' id='word_1_90' title='bbox 1148 715 1402 761; x_wconf 70' lang='lat' dir='ltr'>pugnassent,</span> <span class='ocrx_word' id='word_1_91' title='bbox 1426 722 1492 748; x_wconf 91' lang='lat' dir='ltr'>cu-</span> 
     </span>
     <span class='ocr_line' id='line_1_14' title="bbox 90 766 1532 819; baseline -0.003 -12"><span class='ocrx_word' id='word_1_92' title='bbox 90 782 174 808; x_wconf 86' lang='lat' dir='ltr'>rare</span> <span class='ocrx_word' id='word_1_93' title='bbox 211 780 374 819; x_wconf 86' lang='lat' dir='ltr'>corpora</span> <span class='ocrx_word' id='word_1_94' title='bbox 409 768 530 807; x_wconf 86' lang='lat' dir='ltr'>iussit.</span> <span class='ocrx_word' id='word_1_95' title='bbox 580 773 739 818; x_wconf 90' lang='lat' dir='ltr'>postero</span> <span class='ocrx_word' id='word_1_96' title='bbox 768 768 827 806; x_wconf 86' lang='lat' dir='ltr'>die</span> <span class='ocrx_word' id='word_1_97' title='bbox 858 766 1041 805; x_wconf 76' lang='lat' dir='ltr'>militibus</span> <span class='ocrx_word' id='word_1_98' title='bbox 1074 767 1347 817; x_wconf 89' lang='lat' dir='ltr'>navalibusque</span> <span class='ocrx_word' id='word_1_99' title='bbox 1379 766 1493 804; x_wconf 88' lang='lat' dir='ltr'>sociis</span> <span class='ocrx_word' id='word_1_100' title='bbox 1524 774 1532 782; x_wconf 77' lang='lat'><em>‘</em></span> 
     </span>
     <span class='ocr_line' id='line_1_15' title="bbox 91 822 1494 875; baseline -0.002 -12"><span class='ocrx_word' id='word_1_101' title='bbox 91 825 309 864; x_wconf 83' lang='lat' dir='ltr'>convocatis</span> <span class='ocrx_word' id='word_1_102' title='bbox 339 824 508 875; x_wconf 88' lang='lat' dir='ltr'>primum</span> <span class='ocrx_word' id='word_1_103' title='bbox 537 824 595 862; x_wconf 88' lang='lat' dir='ltr'>dis</span> <span class='ocrx_word' id='word_1_104' title='bbox 623 823 904 862; x_wconf 76' lang='lat' dir='ltr'>immortalibus</span> <span class='ocrx_word' id='word_1_105' title='bbox 931 823 1061 861; x_wconf 90' lang='lat' dir='ltr'>laudes</span> <span class='ocrx_word' id='word_1_106' title='bbox 1083 828 1287 874; x_wconf 86' lang='lat' dir='ltr'>gratesque</span> <span class='ocrx_word' id='word_1_107' title='bbox 1310 822 1401 873; x_wconf 89' lang='lat' dir='ltr'>egit,</span> <span class='ocrx_word' id='word_1_108' title='bbox 1431 822 1494 873; x_wconf 90' lang='lat' dir='ltr'>qui</span> 
     </span>
     <span class='ocr_line' id='line_1_16' title="bbox 90 879 1495 931; baseline -0.002 -11"><span class='ocrx_word' id='word_1_109' title='bbox 90 894 130 920; x_wconf 92' lang='lat' dir='ltr'>se</span> <span class='ocrx_word' id='word_1_110' title='bbox 156 893 236 920; x_wconf 90' lang='lat' dir='ltr'>non</span> <span class='ocrx_word' id='word_1_111' title='bbox 257 881 363 920; x_wconf 90' lang='lat' dir='ltr'>urbis</span> <span class='ocrx_word' id='word_1_112' title='bbox 386 881 512 919; x_wconf 89' lang='lat' dir='ltr'>solum</span> <span class='ocrx_word' id='word_1_113' title='bbox 536 880 851 931; x_wconf 79' lang='lat' dir='ltr'>opulentissimae</span> <span class='ocrx_word' id='word_1_114' title='bbox 875 880 1049 918; x_wconf 90' lang='lat' dir='ltr'>omnium</span> <span class='ocrx_word' id='word_1_115' title='bbox 1071 880 1109 918; x_wconf 90' lang='lat' dir='ltr'>in</span> <span class='ocrx_word' id='word_1_116' title='bbox 1130 879 1312 930; x_wconf 79' lang='lat' dir='ltr'>Hispania</span> <span class='ocrx_word' id='word_1_117' title='bbox 1334 891 1412 917; x_wconf 90' lang='lat' dir='ltr'>uno</span> <span class='ocrx_word' id='word_1_118' title='bbox 1436 879 1495 917; x_wconf 89' lang='lat' dir='ltr'>die</span> 
     </span>
     <span class='ocr_line' id='line_1_17' title="bbox 90 935 1495 989; baseline -0.002 -13"><span class='ocrx_word' id='word_1_119' title='bbox 90 942 309 989; x_wconf 87' lang='lat' dir='ltr'>compotem</span> <span class='ocrx_word' id='word_1_120' title='bbox 332 938 528 982; x_wconf 78' lang='lat' dir='ltr'>fecissent,</span> <span class='ocrx_word' id='word_1_121' title='bbox 552 937 617 975; x_wconf 89' lang='lat' dir='ltr'>sed</span> <span class='ocrx_word' id='word_1_122' title='bbox 641 943 727 975; x_wconf 89' lang='lat' dir='ltr'>ante</span> <span class='ocrx_word' id='word_1_123' title='bbox 750 950 794 975; x_wconf 91' lang='lat' dir='ltr'>eo</span> <span class='ocrx_word' id='word_1_124' title='bbox 818 936 1107 986; x_wconf 84' lang='lat' dir='ltr'>congessissent</span> <span class='ocrx_word' id='word_1_125' title='bbox 1126 937 1253 974; x_wconf 88' lang='lat' dir='ltr'>omnis</span> <span class='ocrx_word' id='word_1_126' title='bbox 1270 935 1419 974; x_wconf 81' lang='lat' dir='ltr'>Africae</span> <span class='ocrx_word' id='word_1_127' title='bbox 1437 941 1495 973; x_wconf 90' lang='lat' dir='ltr'>at-</span> 
     </span>
     <span class='ocr_line' id='line_1_18' title="bbox 90 992 1493 1045; baseline -0.002 -13"><span class='ocrx_word' id='word_1_128' title='bbox 90 1007 164 1045; x_wconf 87' lang='lat' dir='ltr'>que</span> <span class='ocrx_word' id='word_1_129' title='bbox 186 994 391 1045; x_wconf 78' lang='lat' dir='ltr'>Hispaniae</span> <span class='ocrx_word' id='word_1_130' title='bbox 422 1006 535 1044; x_wconf 76' lang='lat' dir='ltr'>opeS,</span> <span class='ocrx_word' id='word_1_131' title='bbox 562 999 603 1032; x_wconf 89' lang='lat' dir='ltr'>ut</span> <span class='ocrx_word' id='word_1_132' title='bbox 625 1006 746 1044; x_wconf 90' lang='lat' dir='ltr'>neque</span> <span class='ocrx_word' id='word_1_133' title='bbox 768 993 946 1032; x_wconf 85' lang='lat' dir='ltr'>hostibus</span> <span class='ocrx_word' id='word_1_134' title='bbox 970 993 1173 1044; x_wconf 86' lang='lat' dir='ltr'>quicquam</span> <span class='ocrx_word' id='word_1_135' title='bbox 1202 992 1493 1043; x_wconf 80' lang='lat' dir='ltr'>relinqueretur,</span> 
     </span>
     <span class='ocr_line' id='line_1_19' title="bbox 90 1049 1492 1101; baseline -0.001 -13"><span class='ocrx_word' id='word_1_136' title='bbox 90 1057 127 1089; x_wconf 82' lang='lat' dir='ltr'>et</span> <span class='ocrx_word' id='word_1_137' title='bbox 148 1050 219 1089; x_wconf 87' lang='lat' dir='ltr'>sibi</span> <span class='ocrx_word' id='word_1_138' title='bbox 241 1063 283 1089; x_wconf 81' lang='lat' dir='ltr'>ac</span> <span class='ocrx_word' id='word_1_139' title='bbox 306 1051 386 1089; x_wconf 87' lang='lat' dir='ltr'>suis</span> <span class='ocrx_word' id='word_1_140' title='bbox 411 1051 539 1089; x_wconf 86' lang='lat' dir='ltr'>onmia</span> <span class='ocrx_word' id='word_1_141' title='bbox 561 1055 820 1101; x_wconf 85' lang='lat' dir='ltr'>superessent.</span> <span class='ocrx_word' id='word_1_142' title='bbox 862 1049 1025 1088; x_wconf 88' lang='lat' dir='ltr'>militum</span> <span class='ocrx_word' id='word_1_143' title='bbox 1049 1050 1185 1087; x_wconf 89' lang='lat' dir='ltr'>deinde</span> <span class='ocrx_word' id='word_1_144' title='bbox 1201 1050 1378 1087; x_wconf 85' lang='lat' dir='ltr'>virtutem</span> <span class='ocrx_word' id='word_1_145' title='bbox 1398 1060 1492 1086; x_wconf 90' lang='lat' dir='ltr'>con-</span> 
     </span>
    </p>
   </div>
   <div class='ocr_carea' id='block_1_11' title="bbox 45 1104 1492 1157">
    <p class='ocr_par' dir='ltr' id='par_1_11' title="bbox 45 1104 1492 1157">
     <span class='ocr_line' id='line_1_20' title="bbox 45 1104 1492 1157; baseline -0.002 -12"><span class='ocrx_word' id='word_1_146' title='bbox 45 1113 58 1122; x_wconf 67' lang='lat'><em>*</em></span> <span class='ocrx_word' id='word_1_147' title='bbox 91 1107 271 1153; x_wconf 82' lang='lat' dir='ltr'>laudavit,</span> <span class='ocrx_word' id='word_1_148' title='bbox 295 1107 397 1157; x_wconf 90' lang='lat' dir='ltr'>quod</span> <span class='ocrx_word' id='word_1_149' title='bbox 421 1119 487 1145; x_wconf 88' lang='lat' dir='ltr'>eos</span> <span class='ocrx_word' id='word_1_150' title='bbox 509 1119 589 1145; x_wconf 88' lang='lat' dir='ltr'>non</span> <span class='ocrx_word' id='word_1_151' title='bbox 611 1106 760 1157; x_wconf 84' lang='lat' dir='ltr'>eruptio</span> <span class='ocrx_word' id='word_1_152' title='bbox 783 1106 975 1151; x_wconf 90' lang='lat' dir='ltr'>hostium,</span> <span class='ocrx_word' id='word_1_153' title='bbox 997 1118 1076 1144; x_wconf 94' lang='lat' dir='ltr'>non</span> <span class='ocrx_word' id='word_1_154' title='bbox 1098 1105 1257 1144; x_wconf 81' lang='lat' dir='ltr'>altitudo</span> <span class='ocrx_word' id='word_1_155' title='bbox 1281 1104 1492 1148; x_wconf 87' lang='lat' dir='ltr'>moenium,</span> 
     </span>
    </p>
   </div>
   <div class='ocr_carea' id='block_1_12' title="bbox 88 1162 1497 1610">
    <p class='ocr_par' dir='ltr' id='par_1_12' title="bbox 88 1162 1497 1610">
     <span class='ocr_line' id='line_1_21' title="bbox 89 1162 1491 1214; baseline 0 -13"><span class='ocrx_word' id='word_1_156' title='bbox 89 1175 169 1202; x_wconf 90' lang='lat' dir='ltr'>non</span> <span class='ocrx_word' id='word_1_157' title='bbox 190 1163 427 1214; x_wconf 78' lang='lat' dir='ltr'>inexplorata</span> <span class='ocrx_word' id='word_1_158' title='bbox 449 1163 574 1212; x_wconf 77' lang='lat' dir='ltr'>stagni</span> <span class='ocrx_word' id='word_1_159' title='bbox 595 1164 702 1209; x_wconf 86' lang='lat' dir='ltr'>vada,</span> <span class='ocrx_word' id='word_1_160' title='bbox 724 1174 804 1200; x_wconf 90' lang='lat' dir='ltr'>non</span> <span class='ocrx_word' id='word_1_161' title='bbox 827 1162 1025 1201; x_wconf 85' lang='lat' dir='ltr'>castellum</span> <span class='ocrx_word' id='word_1_162' title='bbox 1048 1162 1088 1200; x_wconf 92' lang='lat' dir='ltr'>in</span> <span class='ocrx_word' id='word_1_163' title='bbox 1105 1162 1178 1201; x_wconf 88' lang='lat' dir='ltr'>alto</span> <span class='ocrx_word' id='word_1_164' title='bbox 1196 1162 1343 1200; x_wconf 89' lang='lat' dir='ltr'>tumulo</span> <span class='ocrx_word' id='word_1_165' title='bbox 1363 1162 1491 1201; x_wconf 71' lang='lat' dir='ltr'>situm.</span> 
     </span>
     <span class='ocr_line' id='line_1_22' title="bbox 91 1218 1496 1269; baseline -0.001 -11"><span class='ocrx_word' id='word_1_166' title='bbox 91 1231 169 1258; x_wconf 83' lang='lat' dir='ltr'>non</span> <span class='ocrx_word' id='word_1_167' title='bbox 202 1219 459 1258; x_wconf 87' lang='lat' dir='ltr'>munitissima</span> <span class='ocrx_word' id='word_1_168' title='bbox 494 1233 560 1258; x_wconf 82' lang='lat' dir='ltr'>arx</span> <span class='ocrx_word' id='word_1_169' title='bbox 593 1219 861 1265; x_wconf 84' lang='lat' dir='ltr'>deterruisset,</span> <span class='ocrx_word' id='word_1_170' title='bbox 902 1231 978 1269; x_wconf 89' lang='lat' dir='ltr'>quo</span> <span class='ocrx_word' id='word_1_171' title='bbox 1014 1219 1141 1257; x_wconf 88' lang='lat' dir='ltr'>minus</span> <span class='ocrx_word' id='word_1_172' title='bbox 1176 1218 1496 1257; x_wconf 82' lang='lat' dir='ltr'>transcenderent</span> 
     </span>
     <span class='ocr_line' id='line_1_23' title="bbox 91 1275 1495 1327; baseline -0.002 -12"><span class='ocrx_word' id='word_1_173' title='bbox 91 1275 219 1315; x_wconf 88' lang='lat' dir='ltr'>omnia</span> <span class='ocrx_word' id='word_1_174' title='bbox 240 1281 621 1327; x_wconf 88' lang='lat' dir='ltr'>perrumperentqne.</span> <span class='ocrx_word' id='word_1_175' title='bbox 663 1275 789 1326; x_wconf 85' lang='lat' dir='ltr'>itaque</span> <span class='ocrx_word' id='word_1_176' title='bbox 812 1287 1043 1326; x_wconf 83' lang='lat' dir='ltr'>quamquain</span> <span class='ocrx_word' id='word_1_177' title='bbox 1067 1275 1247 1314; x_wconf 89' lang='lat' dir='ltr'>omnibus</span> <span class='ocrx_word' id='word_1_178' title='bbox 1272 1275 1401 1313; x_wconf 87' lang='lat' dir='ltr'>omnia</span> <span class='ocrx_word' id='word_1_179' title='bbox 1428 1275 1495 1313; x_wconf 91' lang='lat' dir='ltr'>de-</span> 
     </span>
     <span class='ocr_line' id='line_1_24' title="bbox 90 1331 1491 1383; baseline -0.002 -12"><span class='ocrx_word' id='word_1_180' title='bbox 90 1333 213 1379; x_wconf 86' lang='lat' dir='ltr'>beret,</span> <span class='ocrx_word' id='word_1_181' title='bbox 240 1332 492 1383; x_wconf 88' lang='lat' dir='ltr'>praecipuum</span> <span class='ocrx_word' id='word_1_182' title='bbox 515 1332 673 1371; x_wconf 85' lang='lat' dir='ltr'>muralis</span> <span class='ocrx_word' id='word_1_183' title='bbox 696 1344 862 1371; x_wconf 89' lang='lat' dir='ltr'>coronae</span> <span class='ocrx_word' id='word_1_184' title='bbox 885 1332 1001 1370; x_wconf 85' lang='lat' dir='ltr'>decus</span> <span class='ocrx_word' id='word_1_185' title='bbox 1024 1333 1105 1371; x_wconf 91' lang='lat' dir='ltr'>eius</span> <span class='ocrx_word' id='word_1_186' title='bbox 1128 1345 1233 1378; x_wconf 89' lang='lat' dir='ltr'>esse,</span> <span class='ocrx_word' id='word_1_187' title='bbox 1257 1331 1322 1382; x_wconf 89' lang='lat' dir='ltr'>qui</span> <span class='ocrx_word' id='word_1_188' title='bbox 1344 1332 1491 1382; x_wconf 74' lang='lat' dir='ltr'>primus</span> 
     </span>
     <span class='ocr_line' id='line_1_25' title="bbox 91 1388 1495 1440; baseline 0 -13"><span class='ocrx_word' id='word_1_189' title='bbox 91 1401 244 1427; x_wconf 88' lang='lat' dir='ltr'>murum</span> <span class='ocrx_word' id='word_1_190' title='bbox 268 1389 524 1427; x_wconf 83' lang='lat' dir='ltr'>ascendisset:</span> <span class='ocrx_word' id='word_1_191' title='bbox 547 1390 795 1440; x_wconf 86' lang='lat' dir='ltr'>profiteretur</span> <span class='ocrx_word' id='word_1_192' title='bbox 818 1388 880 1439; x_wconf 90' lang='lat' dir='ltr'>qui</span> <span class='ocrx_word' id='word_1_193' title='bbox 903 1401 943 1426; x_wconf 92' lang='lat' dir='ltr'>se</span> <span class='ocrx_word' id='word_1_194' title='bbox 965 1388 1123 1439; x_wconf 85' lang='lat' dir='ltr'>dignum</span> <span class='ocrx_word' id='word_1_195' title='bbox 1142 1402 1186 1427; x_wconf 90' lang='lat' dir='ltr'>eo</span> <span class='ocrx_word' id='word_1_196' title='bbox 1205 1389 1363 1427; x_wconf 80' lang='lat' dir='ltr'>duceret</span> <span class='ocrx_word' id='word_1_197' title='bbox 1381 1388 1495 1427; x_wconf 85' lang='lat' dir='ltr'>donO.</span> 
     </span>
     <span class='ocr_line' id='line_1_26' title="bbox 89 1444 1494 1496; baseline -0.001 -12"><span class='ocrx_word' id='word_1_198' title='bbox 89 1446 166 1484; x_wconf 88' lang='lat' dir='ltr'>duo</span> <span class='ocrx_word' id='word_1_199' title='bbox 190 1445 356 1495; x_wconf 86' lang='lat' dir='ltr'>professi</span> <span class='ocrx_word' id='word_1_200' title='bbox 378 1450 481 1491; x_wconf 87' lang='lat' dir='ltr'>sunt,</span> <span class='ocrx_word' id='word_1_201' title='bbox 503 1446 547 1492; x_wconf 86' lang='lat' dir='ltr'>Q.</span> <span class='ocrx_word' id='word_1_202' title='bbox 572 1445 774 1484; x_wconf 83' lang='lat' dir='ltr'>Tiberilius</span> <span class='ocrx_word' id='word_1_203' title='bbox 798 1445 970 1483; x_wconf 85' lang='lat' dir='ltr'>centurio</span> <span class='ocrx_word' id='word_1_204' title='bbox 992 1445 1154 1496; x_wconf 78' lang='lat' dir='ltr'>legionis</span> <span class='ocrx_word' id='word_1_205' title='bbox 1179 1450 1333 1496; x_wconf 83' lang='lat' dir='ltr'>quartae</span> <span class='ocrx_word' id='word_1_206' title='bbox 1356 1450 1393 1483; x_wconf 90' lang='lat' dir='ltr'>et</span> <span class='ocrx_word' id='word_1_207' title='bbox 1410 1444 1494 1482; x_wconf 82' lang='lat' dir='ltr'>Sex.</span> 
     </span>
     <span class='ocr_line' id='line_1_27' title="bbox 88 1501 1496 1553; baseline -0.001 -13"><span class='ocrx_word' id='word_1_208' title='bbox 88 1502 250 1553; x_wconf 84' lang='lat' dir='ltr'>Digitius</span> <span class='ocrx_word' id='word_1_209' title='bbox 280 1502 411 1540; x_wconf 89' lang='lat' dir='ltr'>socius</span> <span class='ocrx_word' id='word_1_210' title='bbox 443 1502 598 1541; x_wconf 84' lang='lat' dir='ltr'>navalis.</span> <span class='ocrx_word' id='word_1_211' title='bbox 640 1514 711 1541; x_wconf 83' lang='lat' dir='ltr'>nec</span> <span class='ocrx_word' id='word_1_212' title='bbox 739 1501 811 1552; x_wconf 91' lang='lat' dir='ltr'>ipsi</span> <span class='ocrx_word' id='word_1_213' title='bbox 842 1507 920 1540; x_wconf 90' lang='lat' dir='ltr'>tam</span> <span class='ocrx_word' id='word_1_214' title='bbox 943 1501 1042 1540; x_wconf 90' lang='lat' dir='ltr'>inter</span> <span class='ocrx_word' id='word_1_215' title='bbox 1065 1515 1105 1541; x_wconf 91' lang='lat' dir='ltr'>se</span> <span class='ocrx_word' id='word_1_216' title='bbox 1127 1502 1264 1541; x_wconf 84' lang='lat' dir='ltr'>acriter</span> <span class='ocrx_word' id='word_1_217' title='bbox 1286 1501 1496 1540; x_wconf 86' lang='lat' dir='ltr'>contende-</span> 
     </span>
     <span class='ocr_line' id='line_1_28' title="bbox 88 1558 1497 1610; baseline -0.001 -13"><span class='ocrx_word' id='word_1_218' title='bbox 88 1558 197 1605; x_wconf 83' lang='lat' dir='ltr'>bant,</span> <span class='ocrx_word' id='word_1_219' title='bbox 226 1571 340 1609; x_wconf 78' lang='lat' dir='ltr'>quani</span> <span class='ocrx_word' id='word_1_220' title='bbox 370 1558 494 1598; x_wconf 88' lang='lat' dir='ltr'>studia</span> <span class='ocrx_word' id='word_1_221' title='bbox 522 1558 776 1598; x_wconf 79' lang='lat' dir='ltr'>excitaverant</span> <span class='ocrx_word' id='word_1_222' title='bbox 803 1564 963 1609; x_wconf 86' lang='lat' dir='ltr'>uterque</span> <span class='ocrx_word' id='word_1_223' title='bbox 992 1558 1050 1597; x_wconf 91' lang='lat' dir='ltr'>sui</span> <span class='ocrx_word' id='word_1_224' title='bbox 1080 1558 1256 1610; x_wconf 89' lang='lat' dir='ltr'>corporis</span> <span class='ocrx_word' id='word_1_225' title='bbox 1280 1558 1497 1596; x_wconf 71' lang='lat' dir='ltr'>hominum.=</span> 
     </span>
    </p>
   </div>
   <div class='ocr_carea' id='block_1_13' title="bbox 89 1693 760 2590">
    <p class='ocr_par' dir='ltr' id='par_1_13' title="bbox 90 1693 759 1960">
     <span class='ocr_line' id='line_1_29' title="bbox 91 1693 759 1736; baseline -0.001 -11"><span class='ocrx_word' id='word_1_226' title='bbox 91 1693 171 1725; x_wconf 77' lang='lat' dir='ltr'>data</span> <span class='ocrx_word' id='word_1_227' title='bbox 188 1694 268 1724; x_wconf 89' lang='lat' dir='ltr'>oder</span> <span class='ocrx_word' id='word_1_228' title='bbox 292 1695 390 1736; x_wconf 74' lang='lat' dir='ltr'>capta</span> <span class='ocrx_word' id='word_1_229' title='bbox 413 1704 454 1724; x_wconf 89' lang='lat' dir='ltr'>zu</span> <span class='ocrx_word' id='word_1_230' title='bbox 479 1693 617 1725; x_wconf 87' lang='lat' dir='ltr'>denken.</span> <span class='ocrx_word' id='word_1_231' title='bbox 635 1712 680 1716; x_wconf 95' lang='lat'>—</span> <span class='ocrx_word' id='word_1_232' title='bbox 697 1693 759 1725; x_wconf 78' lang='grc' dir='ltr'>1τή-</span> 
     </span>
     <span class='ocr_line' id='line_1_30' title="bbox 90 1738 756 1782; baseline -0.002 -13"><span class='ocrx_word' id='word_1_233' title='bbox 90 1740 152 1769; x_wconf 72' lang='lat' dir='ltr'>teis</span> <span class='ocrx_word' id='word_1_234' title='bbox 171 1748 211 1768; x_wconf 86' lang='lat' dir='ltr'>zu</span> <span class='ocrx_word' id='word_1_235' title='bbox 229 1738 360 1777; x_wconf 79' lang='lat' dir='ltr'>Segeln.</span> <span class='ocrx_word' id='word_1_236' title='bbox 375 1756 418 1761; x_wconf 91' lang='lat'><strong>—</strong></span> <span class='ocrx_word' id='word_1_237' title='bbox 434 1741 563 1782; x_wconf 73' lang='lat' dir='ltr'>sparto,</span> <span class='ocrx_word' id='word_1_238' title='bbox 585 1749 611 1770; x_wconf 87' lang='lat' dir='ltr'>s.</span> <span class='ocrx_word' id='word_1_239' title='bbox 631 1738 684 1778; x_wconf 85' lang='lat'>22,</span> <span class='ocrx_word' id='word_1_240' title='bbox 703 1738 756 1776; x_wconf 82' lang='grc'>20,</span> 
     </span>
     <span class='ocr_line' id='line_1_31' title="bbox 91 1782 759 1822; baseline 0.001 -9"><span class='ocrx_word' id='word_1_241' title='bbox 91 1782 122 1813; x_wconf 88' lang='grc'>6.</span> <span class='ocrx_word' id='word_1_242' title='bbox 147 1801 192 1805; x_wconf 80' lang='lat'>-——</span> <span class='ocrx_word' id='word_1_243' title='bbox 221 1783 370 1822; x_wconf 75' lang='lat' dir='ltr'>bellicas,</span> <span class='ocrx_word' id='word_1_244' title='bbox 406 1784 458 1814; x_wconf 82' lang='lat' dir='ltr'>die</span> <span class='ocrx_word' id='word_1_245' title='bbox 496 1784 606 1815; x_wconf 83' lang='lat' dir='ltr'>hdsch.</span> <span class='ocrx_word' id='word_1_246' title='bbox 637 1783 759 1814; x_wconf 84' lang='lat' dir='ltr'>Lesart</span> 
     </span>
     <span class='ocr_line' id='line_1_32' title="bbox 91 1827 757 1859; baseline 0 0"><span class='ocrx_word' id='word_1_247' title='bbox 91 1827 278 1859; x_wconf 75' lang='lat' dir='ltr'>hellieastas</span> <span class='ocrx_word' id='word_1_248' title='bbox 296 1828 423 1859; x_wconf 83' lang='lat' dir='ltr'>scheint</span> <span class='ocrx_word' id='word_1_249' title='bbox 450 1838 509 1859; x_wconf 86' lang='lat' dir='ltr'>aus</span> <span class='ocrx_word' id='word_1_250' title='bbox 540 1831 653 1859; x_wconf 76' lang='lat' dir='ltr'>tantas</span> <span class='ocrx_word' id='word_1_251' title='bbox 684 1832 757 1859; x_wconf 85' lang='lat' dir='ltr'>ent-</span> 
     </span>
     <span class='ocr_line' id='line_1_33' title="bbox 91 1873 756 1915; baseline 0.002 -12"><span class='ocrx_word' id='word_1_252' title='bbox 91 1873 248 1911; x_wconf 75' lang='lat' dir='ltr'>standen3</span> <span class='ocrx_word' id='word_1_253' title='bbox 276 1873 406 1904; x_wconf 85' lang='lat' dir='ltr'>Andere</span> <span class='ocrx_word' id='word_1_254' title='bbox 427 1873 517 1904; x_wconf 86' lang='lat' dir='ltr'>lesen</span> <span class='ocrx_word' id='word_1_255' title='bbox 537 1874 612 1905; x_wconf 68' lang='lat' dir='ltr'>belli</span> <span class='ocrx_word' id='word_1_256' title='bbox 627 1876 756 1915; x_wconf 72' lang='lat' dir='ltr'>captas.</span> 
     </span>
     <span class='ocr_line' id='line_1_34' title="bbox 90 1917 756 1960; baseline 0 -11"><span class='ocrx_word' id='word_1_257' title='bbox 90 1917 139 1949; x_wconf 96' lang='lat' dir='ltr'>Zu</span> <span class='ocrx_word' id='word_1_258' title='bbox 159 1918 229 1949; x_wconf 83' lang='lat' dir='ltr'>dein</span> <span class='ocrx_word' id='word_1_259' title='bbox 249 1918 449 1960; x_wconf 79' lang='lat' dir='ltr'>Epiphonein</span> <span class='ocrx_word' id='word_1_260' title='bbox 473 1918 539 1958; x_wconf 83' lang='lat' dir='ltr'>vgl.</span> <span class='ocrx_word' id='word_1_261' title='bbox 559 1918 613 1958; x_wconf 80' lang='lat'>25,</span> <span class='ocrx_word' id='word_1_262' title='bbox 632 1918 683 1959; x_wconf 87' lang='lat'>31,</span> <span class='ocrx_word' id='word_1_263' title='bbox 706 1918 756 1949; x_wconf 87' lang='lat' dir='ltr'>tl.</span> 
     </span>
    </p>

    <p class='ocr_par' dir='ltr' id='par_1_14' title="bbox 89 1956 760 2533">
     <span class='ocr_line' id='line_1_35' title="bbox 135 1956 753 2004; baseline 0 -10"><span class='ocrx_word' id='word_1_264' title='bbox 135 1956 202 1995; x_wconf 79' lang='grc'>48.</span> <span class='ocrx_word' id='word_1_265' title='bbox 232 1963 327 1994; x_wconf 84' lang='lat'>1—2.</span> <span class='ocrx_word' id='word_1_266' title='bbox 344 1963 456 1995; x_wconf 79' lang='lat' dir='ltr'>Laelio</span> <span class='ocrx_word' id='word_1_267' title='bbox 474 1968 547 2004; x_wconf 87' lang='lat' dir='ltr'>etc.,</span> <span class='ocrx_word' id='word_1_268' title='bbox 561 1964 672 1995; x_wconf 81' lang='lat' dir='ltr'>diesen</span> <span class='ocrx_word' id='word_1_269' title='bbox 689 1964 753 1994; x_wconf 92' lang='lat' dir='ltr'>und</span> 
     </span>
     <span class='ocr_line' id='line_1_36' title="bbox 89 2008 754 2049; baseline 0 -10"><span class='ocrx_word' id='word_1_270' title='bbox 89 2008 141 2039; x_wconf 88' lang='lat' dir='ltr'>die</span> <span class='ocrx_word' id='word_1_271' title='bbox 171 2009 251 2039; x_wconf 89' lang='lat' dir='ltr'>socii</span> <span class='ocrx_word' id='word_1_272' title='bbox 285 2009 438 2049; x_wconf 84' lang='lat' dir='ltr'>navales,</span> <span class='ocrx_word' id='word_1_273' title='bbox 471 2008 595 2040; x_wconf 85' lang='lat' dir='ltr'>welche</span> <span class='ocrx_word' id='word_1_274' title='bbox 625 2019 664 2039; x_wconf 86' lang='lat' dir='ltr'>an</span> <span class='ocrx_word' id='word_1_275' title='bbox 695 2009 754 2039; x_wconf 85' lang='lat' dir='ltr'>der</span> 
     </span>
     <span class='ocr_line' id='line_1_37' title="bbox 89 2053 753 2094; baseline 0 -10"><span class='ocrx_word' id='word_1_276' title='bbox 89 2063 215 2094; x_wconf 81' lang='lat' dir='ltr'>ganzen</span> <span class='ocrx_word' id='word_1_277' title='bbox 238 2053 344 2085; x_wconf 81' lang='lat' dir='ltr'>stelle</span> <span class='ocrx_word' id='word_1_278' title='bbox 369 2053 585 2085; x_wconf 82' lang='lat' dir='ltr'>Seesoldaten</span> <span class='ocrx_word' id='word_1_279' title='bbox 615 2054 696 2094; x_wconf 88' lang='lat' dir='ltr'>sind,</span> <span class='ocrx_word' id='word_1_280' title='bbox 725 2064 753 2084; x_wconf 86' lang='lat' dir='ltr'>s.</span> 
     </span>
     <span class='ocr_line' id='line_1_38' title="bbox 90 2098 753 2141; baseline 0 -12"><span class='ocrx_word' id='word_1_281' title='bbox 90 2098 211 2137; x_wconf 50' lang='lat'>2219,</span> <span class='ocrx_word' id='word_1_282' title='bbox 231 2099 266 2136; x_wconf 74' lang='lat'>43</span> <span class='ocrx_word' id='word_1_283' title='bbox 287 2098 340 2138; x_wconf 91' lang='lat'>21,</span> <span class='ocrx_word' id='word_1_284' title='bbox 354 2098 406 2137; x_wconf 79' lang='lat'>49,</span> <span class='ocrx_word' id='word_1_285' title='bbox 424 2099 453 2138; x_wconf 87' lang='lat'>7,</span> <span class='ocrx_word' id='word_1_286' title='bbox 473 2104 574 2130; x_wconf 85' lang='lat' dir='ltr'>nennt</span> <span class='ocrx_word' id='word_1_287' title='bbox 591 2098 708 2141; x_wconf 76' lang='lat' dir='ltr'>Polyb.</span> <span class='ocrx_word' id='word_1_288' title='bbox 725 2110 753 2130; x_wconf 86' lang='lat' dir='ltr'>c.</span> 
     </span>
     <span class='ocr_line' id='line_1_39' title="bbox 92 2143 753 2187; baseline 0 -13"><span class='ocrx_word' id='word_1_289' title='bbox 92 2144 131 2174; x_wconf 82' lang='lat'>15</span> <span class='ocrx_word' id='word_1_290' title='bbox 150 2153 179 2174; x_wconf 89' lang='lat' dir='ltr'>a.</span> <span class='ocrx_word' id='word_1_291' title='bbox 199 2143 235 2174; x_wconf 89' lang='lat' dir='ltr'>E.</span> <span class='ocrx_word' id='word_1_292' title='bbox 266 2144 366 2174; x_wconf 86' lang='lat' dir='ltr'>nicht.</span> <span class='ocrx_word' id='word_1_293' title='bbox 397 2162 441 2166; x_wconf 87' lang='lat'>——</span> <span class='ocrx_word' id='word_1_294' title='bbox 474 2144 548 2176; x_wconf 67' lang='lat' dir='ltr'>belli</span> <span class='ocrx_word' id='word_1_295' title='bbox 564 2155 627 2187; x_wconf 64' lang='lat' dir='ltr'>op„</span> <span class='ocrx_word' id='word_1_296' title='bbox 653 2145 753 2175; x_wconf 81' lang='lat' dir='ltr'>durch</span> 
     </span>
     <span class='ocr_line' id='line_1_40' title="bbox 91 2187 760 2229; baseline 0.001 -10"><span class='ocrx_word' id='word_1_297' title='bbox 91 2189 151 2219; x_wconf 86' lang='lat' dir='ltr'>den</span> <span class='ocrx_word' id='word_1_298' title='bbox 167 2187 290 2219; x_wconf 84' lang='lat' dir='ltr'>Zusatz</span> <span class='ocrx_word' id='word_1_299' title='bbox 305 2199 368 2219; x_wconf 83' lang='lat' dir='ltr'>von</span> <span class='ocrx_word' id='word_1_300' title='bbox 384 2188 458 2220; x_wconf 76' lang='lat' dir='ltr'>belli</span> <span class='ocrx_word' id='word_1_301' title='bbox 469 2189 552 2220; x_wconf 89' lang='lat' dir='ltr'>wird</span> <span class='ocrx_word' id='word_1_302' title='bbox 566 2190 625 2220; x_wconf 88' lang='lat' dir='ltr'>der</span> <span class='ocrx_word' id='word_1_303' title='bbox 636 2188 760 2229; x_wconf 85' lang='lat' dir='ltr'>Begriff</span> 
     </span>
     <span class='ocr_line' id='line_1_41' title="bbox 89 2233 756 2275; baseline 0.003 -12"><span class='ocrx_word' id='word_1_304' title='bbox 89 2243 153 2263; x_wconf 85' lang='lat' dir='ltr'>von</span> <span class='ocrx_word' id='word_1_305' title='bbox 164 2243 273 2275; x_wconf 81' lang='lat' dir='ltr'>opera,</span> <span class='ocrx_word' id='word_1_306' title='bbox 283 2233 426 2264; x_wconf 86' lang='lat' dir='ltr'>welches</span> <span class='ocrx_word' id='word_1_307' title='bbox 436 2239 599 2266; x_wconf 83' lang='lat' dir='ltr'>sonstnur</span> <span class='ocrx_word' id='word_1_308' title='bbox 609 2234 756 2265; x_wconf 85' lang='lat' dir='ltr'>Sehanz-</span> 
     </span>
     <span class='ocr_line' id='line_1_42' title="bbox 90 2277 756 2319; baseline 0.006 -12"><span class='ocrx_word' id='word_1_309' title='bbox 90 2277 756 2319; x_wconf 75' lang='lat' dir='ltr'>oderuberhauptBefestigungsarbeiten</span> 
     </span>
     <span class='ocr_line' id='line_1_43' title="bbox 89 2322 756 2365; baseline 0.004 -12"><span class='ocrx_word' id='word_1_310' title='bbox 89 2322 294 2363; x_wconf 80' lang='lat' dir='ltr'>bezeichnet,</span> <span class='ocrx_word' id='word_1_311' title='bbox 314 2323 499 2355; x_wconf 83' lang='lat' dir='ltr'>erweitert:</span> <span class='ocrx_word' id='word_1_312' title='bbox 525 2323 756 2365; x_wconf 80' lang='lat' dir='ltr'>Hriegsarbel-</span> 
     </span>
     <span class='ocr_line' id='line_1_44' title="bbox 89 2368 756 2410; baseline 0.003 -11"><span class='ocrx_word' id='word_1_313' title='bbox 89 2373 157 2408; x_wconf 82' lang='lat' dir='ltr'>ten,</span> <span class='ocrx_word' id='word_1_314' title='bbox 175 2368 227 2399; x_wconf 82' lang='lat' dir='ltr'>die</span> <span class='ocrx_word' id='word_1_315' title='bbox 241 2368 386 2408; x_wconf 81' lang='lat' dir='ltr'>sogleich</span> <span class='ocrx_word' id='word_1_316' title='bbox 402 2369 442 2399; x_wconf 91' lang='lat' dir='ltr'>im</span> <span class='ocrx_word' id='word_1_317' title='bbox 458 2368 639 2400; x_wconf 86' lang='lat' dir='ltr'>Einzelnen</span> <span class='ocrx_word' id='word_1_318' title='bbox 654 2380 756 2410; x_wconf 81' lang='lat' dir='ltr'>ange-</span> 
     </span>
     <span class='ocr_line' id='line_1_45' title="bbox 89 2411 755 2457; baseline 0.003 -13"><span class='ocrx_word' id='word_1_319' title='bbox 89 2411 181 2444; x_wconf 80' lang='lat' dir='ltr'>fiihrt</span> <span class='ocrx_word' id='word_1_320' title='bbox 198 2414 398 2444; x_wconf 86' lang='lat' dir='ltr'>werden.—</span> <span class='ocrx_word' id='word_1_321' title='bbox 412 2416 538 2457; x_wconf 75' lang='lat' dir='ltr'>capien.</span> <span class='ocrx_word' id='word_1_322' title='bbox 555 2415 647 2453; x_wconf 78' lang='lat' dir='ltr'>urbe,</span> <span class='ocrx_word' id='word_1_323' title='bbox 666 2415 755 2454; x_wconf 81' lang='lat' dir='ltr'>s.25,</span> 
     </span>
     <span class='ocr_line' id='line_1_46' title="bbox 89 2457 756 2533; baseline 0.003 -44"><span class='ocrx_word' id='word_1_324' title='bbox 89 2457 151 2533; x_wconf 70' lang='lat'>2230,</span> <span class='ocrx_word' id='word_1_325' title='bbox 176 2457 206 2490; x_wconf 84' lang='lat'>6.</span> <span class='ocrx_word' id='word_1_326' title='bbox 230 2477 275 2481; x_wconf 90' lang='lat'>—</span> <span class='ocrx_word' id='word_1_327' title='bbox 297 2459 461 2502; x_wconf 77' lang='lat' dir='ltr'>capienda</span> <span class='ocrx_word' id='word_1_328' title='bbox 485 2477 529 2481; x_wconf 76' lang='lat'>—</span> <span class='ocrx_word' id='word_1_329' title='bbox 559 2462 671 2503; x_wconf 71' lang='lat' dir='ltr'>capta,</span> <span class='ocrx_word' id='word_1_330' title='bbox 701 2459 756 2500; x_wconf 88' lang='lat'>21,</span> 
     </span>
    </p>

    <p class='ocr_par' dir='ltr' id='par_1_15' title="bbox 117 2503 193 2543">
     <span class='ocr_line' id='line_1_47' title="bbox 117 2503 193 2543; baseline 0.026 -10"><span class='ocrx_word' id='word_1_331' title='bbox 117 2503 145 2543; x_wconf 92' lang='lat'>1,</span> <span class='ocrx_word' id='word_1_332' title='bbox 163 2503 193 2535; x_wconf 83' lang='lat'>8.</span> 
     </span>
    </p>

    <p class='ocr_par' dir='ltr' id='par_1_16' title="bbox 135 2548 757 2590">
     <span class='ocr_line' id='line_1_48' title="bbox 135 2548 757 2590; baseline 0.003 -11"><span class='ocrx_word' id='word_1_333' title='bbox 135 2548 234 2579; x_wconf 85' lang='lat'>3—5.</span> <span class='ocrx_word' id='word_1_334' title='bbox 260 2548 375 2580; x_wconf 75' lang='lat' dir='ltr'>laudes</span> <span class='ocrx_word' id='word_1_335' title='bbox 401 2551 495 2590; x_wconf 72' lang='lat' dir='ltr'>grat.</span> <span class='ocrx_word' id='word_1_336' title='bbox 521 2560 585 2590; x_wconf 57' lang='lat' dir='ltr'>ega,</span> <span class='ocrx_word' id='word_1_337' title='bbox 610 2559 636 2581; x_wconf 92' lang='lat' dir='ltr'>s.</span> <span class='ocrx_word' id='word_1_338' title='bbox 666 2560 707 2581; x_wconf 92' lang='lat' dir='ltr'>zu</span> <span class='ocrx_word' id='word_1_339' title='bbox 726 2550 757 2588; x_wconf 85' lang='lat'>7,</span> 
     </span>
    </p>
   </div>
   <div class='ocr_carea' id='block_1_14' title="bbox 91 2584 771 2635">
    <p class='ocr_par' dir='ltr' id='par_1_17' title="bbox 91 2584 771 2635">
     <span class='ocr_line' id='line_1_49' title="bbox 91 2584 771 2635; baseline 0.004 -12"><span class='ocrx_word' id='word_1_340' title='bbox 91 2591 142 2633; x_wconf 86' lang='lat'>36,</span> <span class='ocrx_word' id='word_1_341' title='bbox 168 2593 206 2631; x_wconf 72' lang='lat'>7,</span> <span class='ocrx_word' id='word_1_342' title='bbox 233 2593 285 2635; x_wconf 75' lang='lat'>27,</span> <span class='ocrx_word' id='word_1_343' title='bbox 311 2593 360 2632; x_wconf 85' lang='lat'>13,</span> <span class='ocrx_word' id='word_1_344' title='bbox 385 2593 416 2633; x_wconf 86' lang='lat'>2,</span> <span class='ocrx_word' id='word_1_345' title='bbox 441 2594 493 2625; x_wconf 78' lang='lat' dir='ltr'>bei</span> <span class='ocrx_word' id='word_1_346' title='bbox 511 2593 590 2626; x_wconf 67' lang='lat' dir='ltr'>Tac.</span> <span class='ocrx_word' id='word_1_347' title='bbox 622 2595 705 2626; x_wconf 71' lang='lat' dir='ltr'>Anu.</span> <span class='ocrx_word' id='word_1_348' title='bbox 728 2584 771 2634; x_wconf 75' lang='lat'>1,&#39;</span> 
     </span>
    </p>
   </div>
   <div class='ocr_carea' id='block_1_15' title="bbox 92 2638 757 2680">
    <p class='ocr_par' dir='ltr' id='par_1_18' title="bbox 92 2638 757 2680">
     <span class='ocr_line' id='line_1_50' title="bbox 92 2638 757 2680; baseline 0.005 -11"><span class='ocrx_word' id='word_1_349' title='bbox 92 2638 151 2669; x_wconf 73' lang='lat'>69:</span> <span class='ocrx_word' id='word_1_350' title='bbox 185 2638 302 2670; x_wconf 75' lang='lat' dir='ltr'>laudes</span> <span class='ocrx_word' id='word_1_351' title='bbox 327 2641 360 2670; x_wconf 83' lang='lat' dir='ltr'>et</span> <span class='ocrx_word' id='word_1_352' title='bbox 373 2641 495 2680; x_wconf 77' lang='lat' dir='ltr'>grates</span> <span class='ocrx_word' id='word_1_353' title='bbox 518 2657 563 2662; x_wconf 87' lang='lat'>——</span> <span class='ocrx_word' id='word_1_354' title='bbox 583 2640 757 2672; x_wconf 78' lang='lat' dir='ltr'>habentem</span> 
     </span>
    </p>
   </div>
   <div class='ocr_carea' id='block_1_16' title="bbox 826 1692 1502 2681">
    <p class='ocr_par' dir='ltr' id='par_1_19' title="bbox 826 1692 1499 2275">
     <span class='ocr_line' id='line_1_51' title="bbox 830 1692 1498 1734; baseline -0.001 -10"><span class='ocrx_word' id='word_1_355' title='bbox 830 1693 911 1724; x_wconf 84' lang='lat' dir='ltr'>aber</span> <span class='ocrx_word' id='word_1_356' title='bbox 938 1703 1013 1725; x_wconf 90' lang='lat' dir='ltr'>vom</span> <span class='ocrx_word' id='word_1_357' title='bbox 1037 1692 1152 1724; x_wconf 86' lang='lat' dir='ltr'>Danke</span> <span class='ocrx_word' id='word_1_358' title='bbox 1177 1703 1281 1734; x_wconf 81' lang='lat' dir='ltr'>gegen</span> <span class='ocrx_word' id='word_1_359' title='bbox 1307 1692 1498 1724; x_wconf 85' lang='lat' dir='ltr'>Menschen.</span> 
     </span>
     <span class='ocr_line' id='line_1_52' title="bbox 829 1738 1494 1780; baseline -0.002 -11"><span class='ocrx_word' id='word_1_360' title='bbox 829 1756 872 1760; x_wconf 90' lang='lat'><strong>—</strong></span> <span class='ocrx_word' id='word_1_361' title='bbox 892 1739 1003 1769; x_wconf 64' lang='lat' dir='ltr'>ovinis</span> <span class='ocrx_word' id='word_1_362' title='bbox 1021 1756 1065 1760; x_wconf 88' lang='lat'>—</span> <span class='ocrx_word' id='word_1_363' title='bbox 1083 1738 1308 1780; x_wconf 63' lang='lat' dir='ltr'>relinqueret„</span> <span class='ocrx_word' id='word_1_364' title='bbox 1328 1738 1494 1769; x_wconf 80' lang='lat' dir='ltr'>iibertrei-</span> 
     </span>
     <span class='ocr_line' id='line_1_53' title="bbox 830 1783 1499 1823; baseline -0.001 -9"><span class='ocrx_word' id='word_1_365' title='bbox 830 1783 927 1814; x_wconf 84' lang='lat' dir='ltr'>bend.</span> <span class='ocrx_word' id='word_1_366' title='bbox 944 1801 988 1805; x_wconf 83' lang='lat'>—</span> <span class='ocrx_word' id='word_1_367' title='bbox 1006 1783 1190 1821; x_wconf 76' lang='lat' dir='ltr'>castellum,</span> <span class='ocrx_word' id='word_1_368' title='bbox 1210 1784 1269 1815; x_wconf 85' lang='lat' dir='ltr'>der</span> <span class='ocrx_word' id='word_1_369' title='bbox 1286 1794 1313 1814; x_wconf 87' lang='lat' dir='ltr'>c.</span> <span class='ocrx_word' id='word_1_370' title='bbox 1333 1783 1384 1823; x_wconf 69' lang='lat'>46,</span> <span class='ocrx_word' id='word_1_371' title='bbox 1403 1783 1421 1814; x_wconf 78' lang='lat' dir='ltr'>S</span> <span class='ocrx_word' id='word_1_372' title='bbox 1446 1793 1499 1813; x_wconf 85' lang='lat' dir='ltr'>er·</span> 
     </span>
     <span class='ocr_line' id='line_1_54' title="bbox 829 1827 1498 1871; baseline 0.001 -13"><span class='ocrx_word' id='word_1_373' title='bbox 829 1829 961 1859; x_wconf 63' lang='lat' dir='ltr'>w&#39;zihnte</span> <span class='ocrx_word' id='word_1_374' title='bbox 981 1827 1131 1859; x_wconf 72' lang='lat' dir='ltr'>tumulus</span> <span class='ocrx_word' id='word_1_375' title='bbox 1147 1830 1259 1871; x_wconf 79' lang='lat' dir='ltr'>primo</span> <span class='ocrx_word' id='word_1_376' title='bbox 1273 1830 1403 1869; x_wconf 71' lang='lat' dir='ltr'>impeta</span> <span class='ocrx_word' id='word_1_377' title='bbox 1421 1838 1498 1871; x_wconf 77' lang='lat' dir='ltr'>eap-</span> 
     </span>
     <span class='ocr_line' id='line_1_55' title="bbox 831 1873 1497 1916; baseline -0.002 -12"><span class='ocrx_word' id='word_1_378' title='bbox 831 1875 1060 1916; x_wconf 70' lang='lat' dir='ltr'>tus.p1·aeeep.</span> <span class='ocrx_word' id='word_1_379' title='bbox 1078 1883 1122 1904; x_wconf 85' lang='lat' dir='ltr'>m.</span> <span class='ocrx_word' id='word_1_380' title='bbox 1147 1883 1187 1912; x_wconf 85' lang='lat' dir='ltr'>c.,</span> <span class='ocrx_word' id='word_1_381' title='bbox 1214 1874 1280 1913; x_wconf 80' lang='lat' dir='ltr'>vgl.</span> <span class='ocrx_word' id='word_1_382' title='bbox 1306 1873 1384 1904; x_wconf 85' lang='lat' dir='ltr'>Tac.</span> <span class='ocrx_word' id='word_1_383' title='bbox 1412 1873 1497 1904; x_wconf 79' lang='lat' dir='ltr'>Ann.</span> 
     </span>
     <span class='ocr_line' id='line_1_56' title="bbox 832 1918 1498 1961; baseline 0.002 -13"><span class='ocrx_word' id='word_1_384' title='bbox 832 1918 884 1958; x_wconf 85' lang='lat'>15,</span> <span class='ocrx_word' id='word_1_385' title='bbox 906 1918 960 1948; x_wconf 84' lang='lat'>12:</span> <span class='ocrx_word' id='word_1_386' title='bbox 982 1920 1166 1961; x_wconf 74' lang='lat' dir='ltr'>praecipua</span> <span class='ocrx_word' id='word_1_387' title='bbox 1190 1920 1318 1950; x_wconf 74' lang='lat' dir='ltr'>servati</span> <span class='ocrx_word' id='word_1_388' title='bbox 1340 1920 1418 1950; x_wconf 71' lang='lat' dir='ltr'>civis</span> <span class='ocrx_word' id='word_1_389' title='bbox 1442 1928 1498 1949; x_wconf 80' lang='lat' dir='ltr'>co-</span> 
     </span>
     <span class='ocr_line' id='line_1_57' title="bbox 826 1963 1495 2003; baseline -0.001 -9"><span class='ocrx_word' id='word_1_390' title='bbox 826 1973 920 1995; x_wconf 80' lang='lat' dir='ltr'>rona.</span> <span class='ocrx_word' id='word_1_391' title='bbox 942 1982 981 1985; x_wconf 98' lang='lat'><strong>—</strong></span> <span class='ocrx_word' id='word_1_392' title='bbox 1004 1964 1124 1995; x_wconf 70' lang='lat' dir='ltr'>murell.</span> <span class='ocrx_word' id='word_1_393' title='bbox 1155 1974 1236 2003; x_wconf 58' lang='lat'>0072,</span> <span class='ocrx_word' id='word_1_394' title='bbox 1261 1974 1287 1995; x_wconf 93' lang='lat' dir='ltr'>s.</span> <span class='ocrx_word' id='word_1_395' title='bbox 1314 1963 1344 2003; x_wconf 75' lang='lat'>6,</span> <span class='ocrx_word' id='word_1_396' title='bbox 1374 1963 1427 2003; x_wconf 89' lang='lat'>20,</span> <span class='ocrx_word' id='word_1_397' title='bbox 1459 1964 1495 1993; x_wconf 75' lang='lat'>7:</span> 
     </span>
     <span class='ocr_line' id='line_1_58' title="bbox 828 2007 1498 2050; baseline -0.001 -10"><span class='ocrx_word' id='word_1_398' title='bbox 828 2008 932 2049; x_wconf 86' lang='lat' dir='ltr'>Marq.</span> <span class='ocrx_word' id='word_1_399' title='bbox 953 2007 982 2047; x_wconf 89' lang='lat'>3,</span> <span class='ocrx_word' id='word_1_400' title='bbox 1003 2008 1033 2045; x_wconf 88' lang='lat'>2,</span> <span class='ocrx_word' id='word_1_401' title='bbox 1059 2008 1124 2039; x_wconf 72' lang='lat'>442</span> <span class='ocrx_word' id='word_1_402' title='bbox 1152 2008 1182 2040; x_wconf 85' lang='lat' dir='ltr'>ff.</span> <span class='ocrx_word' id='word_1_403' title='bbox 1207 2028 1246 2032; x_wconf 83' lang='lat'>—-</span> <span class='ocrx_word' id='word_1_404' title='bbox 1276 2020 1358 2050; x_wconf 78' lang='lat' dir='ltr'>esse,</span> <span class='ocrx_word' id='word_1_405' title='bbox 1385 2009 1432 2039; x_wconf 87' lang='lat' dir='ltr'>sie</span> <span class='ocrx_word' id='word_1_406' title='bbox 1450 2009 1498 2039; x_wconf 80' lang='lat' dir='ltr'>sei</span> 
     </span>
     <span class='ocr_line' id='line_1_59' title="bbox 828 2052 1495 2094; baseline 0 -10"><span class='ocrx_word' id='word_1_407' title='bbox 828 2054 996 2085; x_wconf 82' lang='lat' dir='ltr'>bestimlnt</span> <span class='ocrx_word' id='word_1_408' title='bbox 1024 2052 1078 2084; x_wconf 76' lang='lat' dir='ltr'>fiir</span> <span class='ocrx_word' id='word_1_409' title='bbox 1108 2054 1176 2093; x_wconf 88' lang='lat' dir='ltr'>ihn,</span> <span class='ocrx_word' id='word_1_410' title='bbox 1209 2055 1333 2094; x_wconf 77' lang='lat' dir='ltr'>gehb&#39;re</span> <span class='ocrx_word' id='word_1_411' title='bbox 1352 2054 1426 2084; x_wconf 84' lang='lat' dir='ltr'>ihm.</span> <span class='ocrx_word' id='word_1_412' title='bbox 1453 2071 1495 2076; x_wconf 84' lang='lat'>—</span> 
     </span>
     <span class='ocr_line' id='line_1_60' title="bbox 828 2097 1496 2140; baseline -0.001 -10"><span class='ocrx_word' id='word_1_413' title='bbox 828 2098 1022 2137; x_wconf 65' lang='lat' dir='ltr'>asc-endiSS„</span> <span class='ocrx_word' id='word_1_414' title='bbox 1058 2097 1077 2140; x_wconf 64' lang='grc' dir='ltr'>ξ</span> <span class='ocrx_word' id='word_1_415' title='bbox 1106 2099 1145 2129; x_wconf 85' lang='grc'><strong>13</strong></span> <span class='ocrx_word' id='word_1_416' title='bbox 1170 2099 1370 2137; x_wconf 75' lang='lat' dir='ltr'>escendisse,</span> <span class='ocrx_word' id='word_1_417' title='bbox 1406 2098 1496 2136; x_wconf 78' lang='lat' dir='ltr'>„alta</span> 
     </span>
     <span class='ocr_line' id='line_1_61' title="bbox 828 2142 1496 2183; baseline -0.001 -8"><span class='ocrx_word' id='word_1_418' title='bbox 828 2144 1062 2183; x_wconf 86' lang='lat' dir='ltr'>ascenduntur,</span> <span class='ocrx_word' id='word_1_419' title='bbox 1089 2144 1263 2176; x_wconf 83' lang='lat' dir='ltr'>eminentia</span> <span class='ocrx_word' id='word_1_420' title='bbox 1289 2144 1343 2175; x_wconf 82' lang='lat' dir='ltr'>vel</span> <span class='ocrx_word' id='word_1_421' title='bbox 1361 2142 1496 2175; x_wconf 83' lang='lat' dir='ltr'>defensa</span> 
     </span>
     <span class='ocr_line' id='line_1_62' title="bbox 829 2188 1494 2228; baseline -0.002 -8"><span class='ocrx_word' id='word_1_422' title='bbox 829 2190 1063 2227; x_wconf 80' lang='lat' dir='ltr'>escenduntur,</span> <span class='ocrx_word' id='word_1_423' title='bbox 1082 2194 1119 2221; x_wconf 82' lang='lat' dir='ltr'>ut</span> <span class='ocrx_word' id='word_1_424' title='bbox 1136 2195 1247 2221; x_wconf 78' lang='lat' dir='ltr'>rostra</span> <span class='ocrx_word' id='word_1_425' title='bbox 1264 2190 1318 2220; x_wconf 79' lang='lat' dir='ltr'>vel</span> <span class='ocrx_word' id='word_1_426' title='bbox 1332 2188 1494 2228; x_wconf 72' lang='lat' dir='ltr'>vallum,“</span> 
     </span>
     <span class='ocr_line' id='line_1_63' title="bbox 829 2234 1292 2275; baseline -0.006 -8"><span class='ocrx_word' id='word_1_427' title='bbox 829 2235 898 2275; x_wconf 85' lang='lat' dir='ltr'>vgl.</span> <span class='ocrx_word' id='word_1_428' title='bbox 918 2234 1041 2274; x_wconf 81' lang='lat'>23,14,</span> <span class='ocrx_word' id='word_1_429' title='bbox 1060 2234 1245 2275; x_wconf 74' lang='lat'>2329,11,</span> <span class='ocrx_word' id='word_1_430' title='bbox 1264 2235 1292 2264; x_wconf 86' lang='lat'>5.</span> 
     </span>
    </p>

    <p class='ocr_par' dir='ltr' id='par_1_20' title="bbox 829 2278 1502 2681">
     <span class='ocr_line' id='line_1_64' title="bbox 875 2278 1493 2311; baseline -0.003 -1"><span class='ocrx_word' id='word_1_431' title='bbox 875 2280 974 2310; x_wconf 78' lang='lat'>6—7.</span> <span class='ocrx_word' id='word_1_432' title='bbox 1006 2278 1184 2311; x_wconf 71' lang='lat' dir='ltr'>Tz&#39;bem&#39;lt&#39;zts</span> <span class='ocrx_word' id='word_1_433' title='bbox 1201 2290 1265 2310; x_wconf 89' lang='lat' dir='ltr'>von</span> <span class='ocrx_word' id='word_1_434' title='bbox 1290 2278 1446 2311; x_wconf 73' lang='lat' dir='ltr'>Tiberias</span> <span class='ocrx_word' id='word_1_435' title='bbox 1464 2278 1493 2309; x_wconf 88' lang='lat' dir='ltr'>in</span> 
     </span>
     <span class='ocr_line' id='line_1_65' title="bbox 829 2322 1498 2364; baseline -0.003 -8"><span class='ocrx_word' id='word_1_436' title='bbox 829 2325 1006 2356; x_wconf 82' lang='lat' dir='ltr'>derselben</span> <span class='ocrx_word' id='word_1_437' title='bbox 1024 2324 1085 2355; x_wconf 86' lang='lat' dir='ltr'>Art</span> <span class='ocrx_word' id='word_1_438' title='bbox 1108 2324 1264 2364; x_wconf 79' lang='lat' dir='ltr'>gebildet,</span> <span class='ocrx_word' id='word_1_439' title='bbox 1289 2324 1352 2354; x_wconf 84' lang='lat' dir='ltr'>wie</span> <span class='ocrx_word' id='word_1_440' title='bbox 1375 2322 1498 2355; x_wconf 80' lang='lat' dir='ltr'>Teren—</span> 
     </span>
     <span class='ocr_line' id='line_1_66' title="bbox 831 2367 1495 2408; baseline 0.002 -7"><span class='ocrx_word' id='word_1_441' title='bbox 831 2370 925 2402; x_wconf 74' lang='lat' dir='ltr'>tilius</span> <span class='ocrx_word' id='word_1_442' title='bbox 958 2369 988 2405; x_wconf 80' lang='lat'>3,</span> <span class='ocrx_word' id='word_1_443' title='bbox 1014 2371 1044 2408; x_wconf 67' lang='lat'>9,</span> <span class='ocrx_word' id='word_1_444' title='bbox 1071 2369 1109 2408; x_wconf 81' lang='lat'>23</span> <span class='ocrx_word' id='word_1_445' title='bbox 1140 2369 1300 2401; x_wconf 73' lang='lat' dir='ltr'>Manilius</span> <span class='ocrx_word' id='word_1_446' title='bbox 1333 2367 1495 2406; x_wconf 66' lang='lat' dir='ltr'>(Mamm)</span> 
     </span>
     <span class='ocr_line' id='line_1_67' title="bbox 832 2414 1497 2453; baseline -0.006 -6"><span class='ocrx_word' id='word_1_447' title='bbox 832 2415 964 2452; x_wconf 67' lang='lat' dir='ltr'>(It-ilius,</span> <span class='ocrx_word' id='word_1_448' title='bbox 978 2414 1128 2446; x_wconf 74' lang='lat' dir='ltr'>Lucilius</span> <span class='ocrx_word' id='word_1_449' title='bbox 1146 2425 1176 2445; x_wconf 93' lang='lat' dir='ltr'>u.</span> <span class='ocrx_word' id='word_1_450' title='bbox 1197 2424 1237 2453; x_wconf 83' lang='lat' dir='ltr'>a.,</span> <span class='ocrx_word' id='word_1_451' title='bbox 1258 2414 1386 2445; x_wconf 86' lang='lat' dir='ltr'>scheint</span> <span class='ocrx_word' id='word_1_452' title='bbox 1403 2417 1497 2444; x_wconf 83' lang='lat' dir='ltr'>soust</span> 
     </span>
     <span class='ocr_line' id='line_1_68' title="bbox 829 2459 1496 2501; baseline -0.004 -9"><span class='ocrx_word' id='word_1_453' title='bbox 829 2461 918 2492; x_wconf 85' lang='lat' dir='ltr'>nicht</span> <span class='ocrx_word' id='word_1_454' title='bbox 932 2459 1201 2491; x_wconf 80' lang='lat' dir='ltr'>vorzukommen.</span> <span class='ocrx_word' id='word_1_455' title='bbox 1218 2477 1262 2482; x_wconf 84' lang='lat'>—-</span> <span class='ocrx_word' id='word_1_456' title='bbox 1274 2469 1334 2490; x_wconf 80' lang='lat' dir='ltr'>nec·</span> <span class='ocrx_word' id='word_1_457' title='bbox 1350 2460 1418 2501; x_wconf 79' lang='lat' dir='ltr'>ipsi</span> <span class='ocrx_word' id='word_1_458' title='bbox 1433 2463 1496 2489; x_wconf 84' lang='lat' dir='ltr'>etc.</span> 
     </span>
     <span class='ocr_line' id='line_1_69' title="bbox 829 2503 1498 2547; baseline -0.004 -10"><span class='ocrx_word' id='word_1_459' title='bbox 829 2520 874 2532; x_wconf 94' lang='lat'>=</span> <span class='ocrx_word' id='word_1_460' title='bbox 891 2508 924 2536; x_wconf 81' lang='lat' dir='ltr'>et</span> <span class='ocrx_word' id='word_1_461' title='bbox 939 2516 1005 2536; x_wconf 75' lang='lat' dir='ltr'>nou</span> <span class='ocrx_word' id='word_1_462' title='bbox 1026 2509 1093 2536; x_wconf 74' lang='lat' dir='ltr'>tam</span> <span class='ocrx_word' id='word_1_463' title='bbox 1106 2507 1173 2547; x_wconf 70' lang='lat' dir='ltr'>ipsi</span> <span class='ocrx_word' id='word_1_464' title='bbox 1184 2506 1273 2535; x_wconf 72' lang='lat' dir='ltr'>inter</span> <span class='ocrx_word' id='word_1_465' title='bbox 1286 2515 1339 2541; x_wconf 79' lang='lat' dir='ltr'>se,·</span> <span class='ocrx_word' id='word_1_466' title='bbox 1357 2504 1438 2535; x_wconf 86' lang='lat' dir='ltr'>doch</span> <span class='ocrx_word' id='word_1_467' title='bbox 1454 2503 1498 2534; x_wconf 83' lang='lat' dir='ltr'>ist</span> 
     </span>
     <span class='ocr_line' id='line_1_70' title="bbox 829 2548 1498 2593; baseline -0.003 -12"><span class='ocrx_word' id='word_1_468' title='bbox 829 2552 898 2593; x_wconf 71' lang='lat' dir='ltr'>ipsi</span> <span class='ocrx_word' id='word_1_469' title='bbox 915 2551 1015 2581; x_wconf 81' lang='lat' dir='ltr'>durch</span> <span class='ocrx_word' id='word_1_470' title='bbox 1036 2551 1086 2581; x_wconf 90' lang='lat' dir='ltr'>die</span> <span class='ocrx_word' id='word_1_471' title='bbox 1113 2549 1266 2589; x_wconf 79' lang='lat' dir='ltr'>Stellung</span> <span class='ocrx_word' id='word_1_472' title='bbox 1288 2549 1346 2580; x_wconf 90' lang='lat' dir='ltr'>des</span> <span class='ocrx_word' id='word_1_473' title='bbox 1366 2548 1498 2588; x_wconf 84' lang='lat' dir='ltr'>Gegen-</span> 
     </span>
     <span class='ocr_line' id='line_1_71' title="bbox 831 2594 1497 2635; baseline -0.005 -8"><span class='ocrx_word' id='word_1_474' title='bbox 831 2600 943 2627; x_wconf 85' lang='lat' dir='ltr'>satzes</span> <span class='ocrx_word' id='word_1_475' title='bbox 968 2605 1083 2635; x_wconf 81' lang='lat' dir='ltr'>wegen</span> <span class='ocrx_word' id='word_1_476' title='bbox 1115 2595 1196 2625; x_wconf 88' lang='lat' dir='ltr'>noch</span> <span class='ocrx_word' id='word_1_477' title='bbox 1223 2594 1403 2625; x_wconf 88' lang='lat' dir='ltr'>besonders</span> <span class='ocrx_word' id='word_1_478' title='bbox 1422 2594 1497 2624; x_wconf 86' lang='lat' dir='ltr'>her-</span> 
     </span>
     <span class='ocr_line' id='line_1_72' title="bbox 829 2637 1502 2681; baseline -0.004 -9"><span class='ocrx_word' id='word_1_479' title='bbox 829 2640 1104 2681; x_wconf 81' lang='lat' dir='ltr'>vorgehoben.—</span> <span class='ocrx_word' id='word_1_480' title='bbox 1115 2642 1257 2671; x_wconf 55' lang='lat' dir='ltr'>excritur.</span> <span class='ocrx_word' id='word_1_481' title='bbox 1273 2640 1304 2671; x_wconf 89' lang='lat' dir='ltr'>in</span> <span class='ocrx_word' id='word_1_482' title='bbox 1321 2639 1432 2679; x_wconf 86' lang='lat' dir='ltr'>Bezug</span> <span class='ocrx_word' id='word_1_483' title='bbox 1444 2637 1502 2670; x_wconf 82' lang='lat' dir='ltr'>aus</span> 
     </span>
    </p>
   </div>
  </div>
 </body>
</html>
