<?xml version="1.0" encoding="UTF-8"?>
<!DOCTYPE html PUBLIC "-//W3C//DTD XHTML 1.0 Transitional//EN"
    "http://www.w3.org/TR/xhtml1/DTD/xhtml1-transitional.dtd">
<html xmlns="http://www.w3.org/1999/xhtml" xml:lang="en" lang="en">
 <head>
  <title>
</title>
<meta http-equiv="Content-Type" content="text/html;charset=utf-8" />
  <meta name='ocr-system' content='tesseract 3.04.00' />
  <meta name='ocr-capabilities' content='ocr_page ocr_carea ocr_par ocr_line ocrx_word'/>
</head>
<body>
  <div class='ocr_page' id='page_1' title='image "./aburbeconditalib0506livyuoft_0493.png"; bbox 0 0 1784 2967; ppageno 0'>
   <div class='ocr_carea' id='block_1_1' title="bbox 39 862 79 894">
    <p class='ocr_par' dir='ltr' id='par_1_1' title="bbox 39 862 79 894">
     <span class='ocr_line' id='line_1_1' title="bbox 39 862 79 894; baseline 0.025 -1"><span class='ocrx_word' id='word_1_1' title='bbox 39 862 79 894; x_wconf 92' lang='lat'>10</span> 
     </span>
    </p>
   </div>
   <div class='ocr_carea' id='block_1_2' title="bbox 40 1140 79 1172">
    <p class='ocr_par' dir='ltr' id='par_1_2' title="bbox 40 1140 79 1172">
     <span class='ocr_line' id='line_1_2' title="bbox 40 1140 79 1172; baseline -0.026 0"><span class='ocrx_word' id='word_1_2' title='bbox 40 1140 79 1172; x_wconf 84' lang='lat'>15</span> 
     </span>
    </p>
   </div>
   <div class='ocr_carea' id='block_1_3' title="bbox 562 245 1507 286">
    <p class='ocr_par' dir='ltr' id='par_1_3' title="bbox 562 245 1507 286">
     <span class='ocr_line' id='line_1_3' title="bbox 562 245 1507 286; baseline 0.01 -8"><span class='ocrx_word' id='word_1_3' title='bbox 562 245 687 278; x_wconf 82' lang='lat' dir='ltr'>LIBER</span> <span class='ocrx_word' id='word_1_4' title='bbox 705 245 845 277; x_wconf 82' lang='lat' dir='ltr'>XXVII.</span> <span class='ocrx_word' id='word_1_5' title='bbox 882 246 974 279; x_wconf 63' lang='grc' dir='ltr'>(ΠΛΡ,</span> <span class='ocrx_word' id='word_1_6' title='bbox 1000 247 1053 278; x_wconf 75' lang='grc'>45.</span> <span class='ocrx_word' id='word_1_7' title='bbox 1429 247 1507 286; x_wconf 83' lang='grc'>109</span> 
     </span>
    </p>
   </div>
   <div class='ocr_carea' id='block_1_4' title="bbox 108 255 279 281">
    <p class='ocr_par' dir='ltr' id='par_1_4' title="bbox 108 255 279 281">
     <span class='ocr_line' id='line_1_4' title="bbox 108 255 279 281; baseline -0.012 0"><span class='ocrx_word' id='word_1_8' title='bbox 108 263 133 281; x_wconf 81' lang='lat' dir='ltr'>a.</span> <span class='ocrx_word' id='word_1_9' title='bbox 150 255 201 281; x_wconf 86' lang='lat' dir='ltr'>Ch.</span> <span class='ocrx_word' id='word_1_10' title='bbox 218 256 279 280; x_wconf 52' lang='lat'>202</span> 
     </span>
    </p>
   </div>
   <div class='ocr_carea' id='block_1_5' title="bbox 106 347 1513 1411">
    <p class='ocr_par' dir='ltr' id='par_1_5' title="bbox 106 347 1513 1411">
     <span class='ocr_line' id='line_1_5' title="bbox 108 347 1509 400; baseline 0 -13"><span class='ocrx_word' id='word_1_11' title='bbox 108 349 189 387; x_wconf 86' lang='lat' dir='ltr'>lum</span> <span class='ocrx_word' id='word_1_12' title='bbox 218 349 425 395; x_wconf 84' lang='lat' dir='ltr'>conficere,</span> <span class='ocrx_word' id='word_1_13' title='bbox 455 354 492 388; x_wconf 92' lang='lat' dir='ltr'>et</span> <span class='ocrx_word' id='word_1_14' title='bbox 520 361 635 400; x_wconf 84' lang='lat' dir='ltr'>parva</span> <span class='ocrx_word' id='word_1_15' title='bbox 660 351 859 386; x_wconf 87' lang='lat' dir='ltr'>momenta</span> <span class='ocrx_word' id='word_1_16' title='bbox 880 347 918 386; x_wconf 92' lang='lat' dir='ltr'>in</span> <span class='ocrx_word' id='word_1_17' title='bbox 941 361 1049 399; x_wconf 88' lang='lat' dir='ltr'>spem</span> <span class='ocrx_word' id='word_1_18' title='bbox 1072 354 1295 400; x_wconf 89' lang='lat' dir='ltr'>metumque</span> <span class='ocrx_word' id='word_1_19' title='bbox 1315 348 1509 400; x_wconf 77' lang='lat' dir='ltr'>impellere</span> 
     </span>
     <span class='ocr_line' id='line_1_6' title="bbox 109 403 1508 457; baseline 0.001 -14"><span class='ocrx_word' id='word_1_20' title='bbox 109 405 279 452; x_wconf 85' lang='lat' dir='ltr'>animos,</span> <span class='ocrx_word' id='word_1_21' title='bbox 306 405 448 456; x_wconf 83' lang='lat' dir='ltr'>gloriae</span> <span class='ocrx_word' id='word_1_22' title='bbox 475 405 628 456; x_wconf 87' lang='lat' dir='ltr'>quidem</span> <span class='ocrx_word' id='word_1_23' title='bbox 657 417 702 442; x_wconf 81' lang='lat' dir='ltr'>ex</span> <span class='ocrx_word' id='word_1_24' title='bbox 727 415 770 442; x_wconf 90' lang='lat' dir='ltr'>re</span> <span class='ocrx_word' id='word_1_25' title='bbox 796 403 893 442; x_wconf 90' lang='lat' dir='ltr'>bene</span> <span class='ocrx_word' id='word_1_26' title='bbox 920 410 1027 454; x_wconf 85' lang='lat' dir='ltr'>gesta</span> <span class='ocrx_word' id='word_1_27' title='bbox 1048 410 1177 455; x_wconf 87' lang='lat' dir='ltr'>partae</span> <span class='ocrx_word' id='word_1_28' title='bbox 1192 405 1363 444; x_wconf 89' lang='lat' dir='ltr'>fructum</span> <span class='ocrx_word' id='word_1_29' title='bbox 1383 417 1508 457; x_wconf 83' lang='lat' dir='ltr'>prope</span> 
     </span>
     <span class='ocr_line' id='line_1_7' title="bbox 110 460 1513 512; baseline 0.002 -14"><span class='ocrx_word' id='word_1_30' title='bbox 110 472 266 499; x_wconf 89' lang='lat' dir='ltr'>omnem</span> <span class='ocrx_word' id='word_1_31' title='bbox 287 462 396 512; x_wconf 87' lang='lat' dir='ltr'>ipsos</span> <span class='ocrx_word' id='word_1_32' title='bbox 418 462 582 506; x_wconf 84' lang='lat' dir='ltr'>laturos;</span> <span class='ocrx_word' id='word_1_33' title='bbox 603 471 760 511; x_wconf 86' lang='lat' dir='ltr'>semper</span> <span class='ocrx_word' id='word_1_34' title='bbox 780 460 884 510; x_wconf 89' lang='lat' dir='ltr'>quod</span> <span class='ocrx_word' id='word_1_35' title='bbox 905 466 1150 511; x_wconf 90' lang='lat' dir='ltr'>postremum</span> <span class='ocrx_word' id='word_1_36' title='bbox 1172 462 1362 501; x_wconf 89' lang='lat' dir='ltr'>adiectum</span> <span class='ocrx_word' id='word_1_37' title='bbox 1385 461 1447 509; x_wconf 86' lang='lat' dir='ltr'>sit,</span> <span class='ocrx_word' id='word_1_38' title='bbox 1470 461 1513 511; x_wconf 30' lang='lat' dir='ltr'>id,</span> 
     </span>
     <span class='ocr_line' id='line_1_8' title="bbox 108 516 1509 569; baseline 0.001 -14"><span class='ocrx_word' id='word_1_39' title='bbox 108 529 189 556; x_wconf 91' lang='lat' dir='ltr'>rem</span> <span class='ocrx_word' id='word_1_40' title='bbox 210 522 332 556; x_wconf 86' lang='lat' dir='ltr'>totam</span> <span class='ocrx_word' id='word_1_41' title='bbox 354 518 472 557; x_wconf 84' lang='lat' dir='ltr'>videri</span> <span class='ocrx_word' id='word_1_42' title='bbox 492 517 665 556; x_wconf 83' lang='lat' dir='ltr'>traxisse.</span> <span class='ocrx_word' id='word_1_43' title='bbox 706 527 863 555; x_wconf 87' lang='lat' dir='ltr'>cernere</span> <span class='ocrx_word' id='word_1_44' title='bbox 879 516 1001 567; x_wconf 87' lang='lat' dir='ltr'>ipsos,</span> <span class='ocrx_word' id='word_1_45' title='bbox 1025 530 1099 568; x_wconf 89' lang='lat' dir='ltr'>quo</span> <span class='ocrx_word' id='word_1_46' title='bbox 1118 530 1325 564; x_wconf 82' lang='lat' dir='ltr'>concursu,</span> <span class='ocrx_word' id='word_1_47' title='bbox 1349 530 1423 569; x_wconf 85' lang='lat' dir='ltr'>qua</span> <span class='ocrx_word' id='word_1_48' title='bbox 1439 518 1509 557; x_wconf 84' lang='lat' dir='ltr'>ad-</span> 
     </span>
     <span class='ocr_line' id='line_1_9' title="bbox 108 572 1509 625; baseline 0.001 -14"><span class='ocrx_word' id='word_1_49' title='bbox 108 573 322 620; x_wconf 79' lang='lat' dir='ltr'>miratione,</span> <span class='ocrx_word' id='word_1_50' title='bbox 345 587 421 625; x_wconf 89' lang='lat' dir='ltr'>quo</span> <span class='ocrx_word' id='word_1_51' title='bbox 441 574 570 612; x_wconf 89' lang='lat' dir='ltr'>favore</span> <span class='ocrx_word' id='word_1_52' title='bbox 591 572 794 611; x_wconf 90' lang='lat' dir='ltr'>hominum</span> <span class='ocrx_word' id='word_1_53' title='bbox 816 573 888 611; x_wconf 86' lang='lat' dir='ltr'>iter</span> <span class='ocrx_word' id='word_1_54' title='bbox 907 585 1021 611; x_wconf 84' lang='lat' dir='ltr'>suum</span> <span class='ocrx_word' id='word_1_55' title='bbox 1044 573 1264 613; x_wconf 83' lang='lat' dir='ltr'>celebretur.</span> <span class='ocrx_word' id='word_1_56' title='bbox 1305 579 1342 613; x_wconf 85' lang='lat' dir='ltr'>et</span> <span class='ocrx_word' id='word_1_57' title='bbox 1357 575 1509 614; x_wconf 87' lang='lat' dir='ltr'>hercule</span> 
     </span>
     <span class='ocr_line' id='line_1_10' title="bbox 109 628 1510 681; baseline 0.001 -13"><span class='ocrx_word' id='word_1_58' title='bbox 109 642 178 680; x_wconf 89' lang='lat' dir='ltr'>per</span> <span class='ocrx_word' id='word_1_59' title='bbox 197 629 386 669; x_wconf 83' lang='lat' dir='ltr'>instructa</span> <span class='ocrx_word' id='word_1_60' title='bbox 409 629 538 668; x_wconf 83' lang='lat' dir='ltr'>omnia</span> <span class='ocrx_word' id='word_1_61' title='bbox 560 629 761 668; x_wconf 87' lang='lat' dir='ltr'>ordinibus</span> <span class='ocrx_word' id='word_1_62' title='bbox 782 628 953 668; x_wconf 88' lang='lat' dir='ltr'>virorum</span> <span class='ocrx_word' id='word_1_63' title='bbox 975 629 1259 680; x_wconf 88' lang='lat' dir='ltr'>mulierumque</span> <span class='ocrx_word' id='word_1_64' title='bbox 1280 631 1449 681; x_wconf 90' lang='lat' dir='ltr'>undique</span> <span class='ocrx_word' id='word_1_65' title='bbox 1465 644 1510 670; x_wconf 87' lang='lat' dir='ltr'>ex</span> 
     </span>
     <span class='ocr_line' id='line_1_11' title="bbox 110 685 1510 737; baseline 0.001 -13"><span class='ocrx_word' id='word_1_66' title='bbox 110 686 210 735; x_wconf 81' lang='lat' dir='ltr'>agris</span> <span class='ocrx_word' id='word_1_67' title='bbox 240 687 453 725; x_wconf 81' lang='lat' dir='ltr'>effusorum</span> <span class='ocrx_word' id='word_1_68' title='bbox 481 686 580 724; x_wconf 84' lang='lat' dir='ltr'>inter</span> <span class='ocrx_word' id='word_1_69' title='bbox 608 691 694 724; x_wconf 80' lang='lat' dir='ltr'>vota</span> <span class='ocrx_word' id='word_1_70' title='bbox 716 691 753 724; x_wconf 87' lang='lat' dir='ltr'>et</span> <span class='ocrx_word' id='word_1_71' title='bbox 773 697 906 736; x_wconf 88' lang='lat' dir='ltr'>preces</span> <span class='ocrx_word' id='word_1_72' title='bbox 930 690 967 724; x_wconf 91' lang='lat' dir='ltr'>et</span> <span class='ocrx_word' id='word_1_73' title='bbox 986 685 1117 724; x_wconf 88' lang='lat' dir='ltr'>laudes</span> <span class='ocrx_word' id='word_1_74' title='bbox 1140 685 1263 724; x_wconf 87' lang='lat' dir='ltr'>ibant:</span> <span class='ocrx_word' id='word_1_75' title='bbox 1292 686 1377 725; x_wconf 89' lang='lat' dir='ltr'>illos</span> <span class='ocrx_word' id='word_1_76' title='bbox 1399 699 1510 737; x_wconf 86' lang='lat' dir='ltr'>prae—</span> 
     </span>
     <span class='ocr_line' id='line_1_12' title="bbox 109 741 1510 794; baseline 0.001 -14"><span class='ocrx_word' id='word_1_77' title='bbox 109 742 205 780; x_wconf 78' lang='lat' dir='ltr'>sidia</span> <span class='ocrx_word' id='word_1_78' title='bbox 233 741 288 781; x_wconf 88' lang='lat' dir='ltr'>rei</span> <span class='ocrx_word' id='word_1_79' title='bbox 314 741 505 792; x_wconf 89' lang='lat' dir='ltr'>publicae,</span> <span class='ocrx_word' id='word_1_80' title='bbox 535 741 704 780; x_wconf 87' lang='lat' dir='ltr'>vindices</span> <span class='ocrx_word' id='word_1_81' title='bbox 735 741 839 781; x_wconf 85' lang='lat' dir='ltr'>urhis</span> <span class='ocrx_word' id='word_1_82' title='bbox 861 742 1058 780; x_wconf 78' lang='lat' dir='ltr'>Romanae</span> <span class='ocrx_word' id='word_1_83' title='bbox 1087 742 1316 793; x_wconf 87' lang='lat' dir='ltr'>imperiique</span> <span class='ocrx_word' id='word_1_84' title='bbox 1344 743 1510 794; x_wconf 87' lang='lat' dir='ltr'>appella—</span> 
     </span>
     <span class='ocr_line' id='line_1_13' title="bbox 108 798 1508 850; baseline 0.001 -14"><span class='ocrx_word' id='word_1_85' title='bbox 108 798 221 844; x_wconf 65' lang='lat' dir='ltr'>bant,</span> <span class='ocrx_word' id='word_1_86' title='bbox 249 798 288 836; x_wconf 86' lang='lat' dir='ltr'>in</span> <span class='ocrx_word' id='word_1_87' title='bbox 315 798 468 837; x_wconf 90' lang='lat' dir='ltr'>illorum</span> <span class='ocrx_word' id='word_1_88' title='bbox 496 798 614 837; x_wconf 87' lang='lat' dir='ltr'>armis</span> <span class='ocrx_word' id='word_1_89' title='bbox 645 798 866 849; x_wconf 84' lang='lat' dir='ltr'>dextrisque</span> <span class='ocrx_word' id='word_1_90' title='bbox 894 810 1003 837; x_wconf 87' lang='lat' dir='ltr'>suam</span> <span class='ocrx_word' id='word_1_91' title='bbox 1032 798 1316 850; x_wconf 80' lang='lat' dir='ltr'>liberorumque</span> <span class='ocrx_word' id='word_1_92' title='bbox 1350 811 1508 838; x_wconf 83' lang='lat' dir='ltr'>suorum</span> 
     </span>
     <span class='ocr_line' id='line_1_14' title="bbox 108 854 1504 906; baseline 0.001 -14"><span class='ocrx_word' id='word_1_93' title='bbox 108 854 269 893; x_wconf 87' lang='lat' dir='ltr'>salutem</span> <span class='ocrx_word' id='word_1_94' title='bbox 292 867 336 893; x_wconf 82' lang='lat' dir='ltr'>ac</span> <span class='ocrx_word' id='word_1_95' title='bbox 351 854 563 893; x_wconf 81' lang='lat' dir='ltr'>libertatem</span> <span class='ocrx_word' id='word_1_96' title='bbox 587 854 796 905; x_wconf 83' lang='lat' dir='ltr'>repositam</span> <span class='ocrx_word' id='word_1_97' title='bbox 820 867 918 893; x_wconf 89' lang='lat' dir='ltr'>esse.</span> <span class='ocrx_word' id='word_1_98' title='bbox 961 855 1055 893; x_wconf 88' lang='lat' dir='ltr'>deos</span> <span class='ocrx_word' id='word_1_99' title='bbox 1079 855 1206 893; x_wconf 86' lang='lat' dir='ltr'>omnis</span> <span class='ocrx_word' id='word_1_100' title='bbox 1229 855 1395 906; x_wconf 87' lang='lat' dir='ltr'>deasque</span> <span class='ocrx_word' id='word_1_101' title='bbox 1417 868 1504 906; x_wconf 89' lang='lat' dir='ltr'>pre—</span> 
     </span>
     <span class='ocr_line' id='line_1_15' title="bbox 108 910 1509 962; baseline 0.001 -14"><span class='ocrx_word' id='word_1_102' title='bbox 108 910 304 956; x_wconf 83' lang='lat' dir='ltr'>cabantur,</span> <span class='ocrx_word' id='word_1_103' title='bbox 327 916 369 949; x_wconf 84' lang='lat' dir='ltr'>ut</span> <span class='ocrx_word' id='word_1_104' title='bbox 389 911 459 949; x_wconf 86' lang='lat' dir='ltr'>illis</span> <span class='ocrx_word' id='word_1_105' title='bbox 476 911 644 950; x_wconf 85' lang='lat' dir='ltr'>faustum</span> <span class='ocrx_word' id='word_1_106' title='bbox 663 911 734 950; x_wconf 90' lang='lat' dir='ltr'>iter</span> <span class='ocrx_word' id='word_1_107' title='bbox 754 911 919 962; x_wconf 82' lang='lat' dir='ltr'>felixque</span> <span class='ocrx_word' id='word_1_108' title='bbox 940 922 1067 961; x_wconf 78' lang='lat' dir='ltr'>pugna</span> <span class='ocrx_word' id='word_1_109' title='bbox 1090 924 1133 949; x_wconf 76' lang='lat' dir='ltr'>(tc</span> <span class='ocrx_word' id='word_1_110' title='bbox 1155 916 1302 950; x_wconf 86' lang='lat' dir='ltr'>matura</span> <span class='ocrx_word' id='word_1_111' title='bbox 1324 925 1369 950; x_wconf 86' lang='lat' dir='ltr'>ex</span> <span class='ocrx_word' id='word_1_112' title='bbox 1384 912 1509 950; x_wconf 82' lang='lat' dir='ltr'>hosti-</span> 
     </span>
     <span class='ocr_line' id='line_1_16' title="bbox 107 966 1510 1018; baseline 0.001 -14"><span class='ocrx_word' id='word_1_113' title='bbox 107 966 181 1005; x_wconf 87' lang='lat' dir='ltr'>bus</span> <span class='ocrx_word' id='word_1_114' title='bbox 208 967 365 1006; x_wconf 86' lang='lat' dir='ltr'>victoria</span> <span class='ocrx_word' id='word_1_115' title='bbox 394 973 513 1013; x_wconf 85' lang='lat' dir='ltr'>esset,</span> <span class='ocrx_word' id='word_1_116' title='bbox 543 968 895 1018; x_wconf 77' lang='lat' dir='ltr'>damnarenturque</span> <span class='ocrx_word' id='word_1_117' title='bbox 921 967 995 1018; x_wconf 87' lang='lat' dir='ltr'>ipsi</span> <span class='ocrx_word' id='word_1_118' title='bbox 1024 972 1222 1016; x_wconf 88' lang='lat' dir='ltr'>votorum,</span> <span class='ocrx_word' id='word_1_119' title='bbox 1252 980 1349 1018; x_wconf 85' lang='lat' dir='ltr'>quae</span> <span class='ocrx_word' id='word_1_120' title='bbox 1372 980 1442 1018; x_wconf 88' lang='lat' dir='ltr'>pro</span> <span class='ocrx_word' id='word_1_121' title='bbox 1465 967 1510 1006; x_wconf 81' lang='lat' dir='ltr'>iis</span> 
     </span>
     <span class='ocr_line' id='line_1_17' title="bbox 108 1023 1512 1074; baseline 0.001 -13"><span class='ocrx_word' id='word_1_122' title='bbox 108 1024 392 1073; x_wconf 80' lang='lat' dir='ltr'>suscepissent,</span> <span class='ocrx_word' id='word_1_123' title='bbox 422 1028 482 1069; x_wconf 78' lang='lat' dir='ltr'>ut,</span> <span class='ocrx_word' id='word_1_124' title='bbox 505 1036 618 1074; x_wconf 87' lang='lat' dir='ltr'>quem</span> <span class='ocrx_word' id='word_1_125' title='bbox 641 1024 685 1062; x_wconf 83' lang='lat' dir='ltr'>ad</span> <span class='ocrx_word' id='word_1_126' title='bbox 709 1024 868 1062; x_wconf 88' lang='lat' dir='ltr'>modum</span> <span class='ocrx_word' id='word_1_127' title='bbox 889 1035 994 1062; x_wconf 87' lang='lat' dir='ltr'>nune</span> <span class='ocrx_word' id='word_1_128' title='bbox 1015 1023 1164 1062; x_wconf 82' lang='lat' dir='ltr'>solliciti</span> <span class='ocrx_word' id='word_1_129' title='bbox 1185 1028 1512 1074; x_wconf 80' lang='lat' dir='ltr'>prosequerentur</span> 
     </span>
     <span class='ocr_line' id='line_1_18' title="bbox 109 1079 1508 1130; baseline 0.001 -13"><span class='ocrx_word' id='word_1_130' title='bbox 109 1091 200 1125; x_wconf 89' lang='lat' dir='ltr'>eos,</span> <span class='ocrx_word' id='word_1_131' title='bbox 230 1079 280 1118; x_wconf 86' lang='lat' dir='ltr'>ita</span> <span class='ocrx_word' id='word_1_132' title='bbox 308 1092 454 1130; x_wconf 81' lang='lat' dir='ltr'>paucos</span> <span class='ocrx_word' id='word_1_133' title='bbox 484 1085 574 1130; x_wconf 85' lang='lat' dir='ltr'>post</span> <span class='ocrx_word' id='word_1_134' title='bbox 604 1080 684 1118; x_wconf 83' lang='lat' dir='ltr'>dies</span> <span class='ocrx_word' id='word_1_135' title='bbox 711 1080 797 1118; x_wconf 83' lang='lat' dir='ltr'>laeti</span> <span class='ocrx_word' id='word_1_136' title='bbox 827 1079 1029 1118; x_wconf 71' lang='lat' dir='ltr'>ovantibus</span> <span class='ocrx_word' id='word_1_137' title='bbox 1052 1079 1208 1118; x_wconf 85' lang='lat' dir='ltr'>victoria</span> <span class='ocrx_word' id='word_1_138' title='bbox 1232 1079 1382 1118; x_wconf 80' lang='lat' dir='ltr'>obviam</span> <span class='ocrx_word' id='word_1_139' title='bbox 1399 1080 1508 1118; x_wconf 84' lang='lat' dir='ltr'>irent.</span> 
     </span>
     <span class='ocr_line' id='line_1_19' title="bbox 108 1135 1508 1187; baseline 0 -14"><span class='ocrx_word' id='word_1_140' title='bbox 108 1135 266 1174; x_wconf 79' lang='lat' dir='ltr'>invitare</span> <span class='ocrx_word' id='word_1_141' title='bbox 294 1136 382 1174; x_wconf 88' lang='lat' dir='ltr'>inde</span> <span class='ocrx_word' id='word_1_142' title='bbox 410 1148 480 1187; x_wconf 89' lang='lat' dir='ltr'>pro</span> <span class='ocrx_word' id='word_1_143' title='bbox 511 1149 551 1174; x_wconf 90' lang='lat' dir='ltr'>se</span> <span class='ocrx_word' id='word_1_144' title='bbox 580 1137 742 1187; x_wconf 87' lang='lat' dir='ltr'>quisque</span> <span class='ocrx_word' id='word_1_145' title='bbox 770 1141 807 1174; x_wconf 87' lang='lat' dir='ltr'>et</span> <span class='ocrx_word' id='word_1_146' title='bbox 833 1136 970 1174; x_wconf 77' lang='lat' dir='ltr'>offerre</span> <span class='ocrx_word' id='word_1_147' title='bbox 991 1141 1027 1174; x_wconf 88' lang='lat' dir='ltr'>et</span> <span class='ocrx_word' id='word_1_148' title='bbox 1046 1135 1204 1186; x_wconf 82' lang='lat' dir='ltr'>fatigare</span> <span class='ocrx_word' id='word_1_149' title='bbox 1227 1136 1427 1186; x_wconf 81' lang='lat' dir='ltr'>precibus,</span> <span class='ocrx_word' id='word_1_150' title='bbox 1455 1142 1508 1175; x_wconf 87' lang='lat' dir='ltr'>ut.</span> 
     </span>
     <span class='ocr_line' id='line_1_20' title="bbox 110 1190 1510 1243; baseline 0.001 -14"><span class='ocrx_word' id='word_1_151' title='bbox 110 1203 205 1242; x_wconf 86' lang='lat' dir='ltr'>quae</span> <span class='ocrx_word' id='word_1_152' title='bbox 226 1191 321 1242; x_wconf 83' lang='lat' dir='ltr'>ipsis</span> <span class='ocrx_word' id='word_1_153' title='bbox 342 1190 602 1243; x_wconf 72' lang='lat' dir='ltr'>iumentisque</span> <span class='ocrx_word' id='word_1_154' title='bbox 624 1193 711 1230; x_wconf 91' lang='lat' dir='ltr'>usui</span> <span class='ocrx_word' id='word_1_155' title='bbox 733 1197 874 1240; x_wconf 81' lang='lat' dir='ltr'>essent,</span> <span class='ocrx_word' id='word_1_156' title='bbox 896 1192 942 1230; x_wconf 86' lang='lat' dir='ltr'>ab</span> <span class='ocrx_word' id='word_1_157' title='bbox 965 1204 1006 1230; x_wconf 86' lang='lat' dir='ltr'>se</span> <span class='ocrx_word' id='word_1_158' title='bbox 1031 1192 1279 1243; x_wconf 84' lang='lat' dir='ltr'>potissimum</span> <span class='ocrx_word' id='word_1_159' title='bbox 1297 1198 1510 1231; x_wconf 85' lang='lat' dir='ltr'>sumerent:</span> 
     </span>
     <span class='ocr_line' id='line_1_21' title="bbox 106 1246 1510 1299; baseline 0.001 -14"><span class='ocrx_word' id='word_1_160' title='bbox 106 1246 269 1297; x_wconf 86' lang='lat' dir='ltr'>benigne</span> <span class='ocrx_word' id='word_1_161' title='bbox 298 1248 426 1286; x_wconf 87' lang='lat' dir='ltr'>omnia</span> <span class='ocrx_word' id='word_1_162' title='bbox 449 1248 639 1287; x_wconf 84' lang='lat' dir='ltr'>cumulata</span> <span class='ocrx_word' id='word_1_163' title='bbox 661 1249 769 1295; x_wconf 82' lang='lat' dir='ltr'>dare;</span> <span class='ocrx_word' id='word_1_164' title='bbox 801 1248 989 1287; x_wconf 83' lang='lat' dir='ltr'>modestia</span> <span class='ocrx_word' id='word_1_165' title='bbox 1013 1253 1157 1287; x_wconf 86' lang='lat' dir='ltr'>certare</span> <span class='ocrx_word' id='word_1_166' title='bbox 1178 1248 1329 1294; x_wconf 80' lang='lat' dir='ltr'>milites,</span> <span class='ocrx_word' id='word_1_167' title='bbox 1352 1261 1400 1287; x_wconf 91' lang='lat' dir='ltr'>ne</span> <span class='ocrx_word' id='word_1_168' title='bbox 1421 1248 1510 1299; x_wconf 87' lang='lat' dir='ltr'>quid</span> 
     </span>
     <span class='ocr_line' id='line_1_22' title="bbox 107 1303 1509 1351; baseline 0.001 -10"><span class='ocrx_word' id='word_1_169' title='bbox 107 1303 206 1341; x_wconf 85' lang='lat' dir='ltr'>ultra</span> <span class='ocrx_word' id='word_1_170' title='bbox 237 1316 349 1342; x_wconf 89' lang='lat' dir='ltr'>usum</span> <span class='ocrx_word' id='word_1_171' title='bbox 377 1304 638 1342; x_wconf 83' lang='lat' dir='ltr'>necessarium</span> <span class='ocrx_word' id='word_1_172' title='bbox 669 1309 885 1351; x_wconf 67' lang='lat' dir='ltr'>sumerent3</span> <span class='ocrx_word' id='word_1_173' title='bbox 915 1304 1009 1342; x_wconf 87' lang='lat' dir='ltr'>nihil</span> <span class='ocrx_word' id='word_1_174' title='bbox 1036 1305 1199 1350; x_wconf 79' lang='lat' dir='ltr'>morari,</span> <span class='ocrx_word' id='word_1_175' title='bbox 1230 1316 1302 1343; x_wconf 85' lang='lat' dir='ltr'>nec</span> <span class='ocrx_word' id='word_1_176' title='bbox 1331 1304 1437 1343; x_wconf 78' lang='lat' dir='ltr'>abire</span> <span class='ocrx_word' id='word_1_177' title='bbox 1463 1305 1509 1344; x_wconf 87' lang='lat' dir='ltr'>ab</span> 
     </span>
     <span class='ocr_line' id='line_1_23' title="bbox 108 1359 1511 1411; baseline 0.001 -13"><span class='ocrx_word' id='word_1_178' title='bbox 108 1359 227 1410; x_wconf 79' lang='lat' dir='ltr'>signis</span> <span class='ocrx_word' id='word_1_179' title='bbox 257 1372 328 1398; x_wconf 89' lang='lat' dir='ltr'>nec</span> <span class='ocrx_word' id='word_1_180' title='bbox 355 1359 570 1398; x_wconf 85' lang='lat' dir='ltr'>subsistere</span> <span class='ocrx_word' id='word_1_181' title='bbox 599 1360 727 1399; x_wconf 87' lang='lat' dir='ltr'>cibum</span> <span class='ocrx_word' id='word_1_182' title='bbox 760 1361 971 1411; x_wconf 70' lang='lat' dir='ltr'>capientes,</span> <span class='ocrx_word' id='word_1_183' title='bbox 1001 1360 1100 1399; x_wconf 86' lang='lat' dir='ltr'>diem</span> <span class='ocrx_word' id='word_1_184' title='bbox 1118 1373 1161 1399; x_wconf 84' lang='lat' dir='ltr'>ac</span> <span class='ocrx_word' id='word_1_185' title='bbox 1181 1365 1336 1399; x_wconf 86' lang='lat' dir='ltr'>noctem</span> <span class='ocrx_word' id='word_1_186' title='bbox 1358 1361 1430 1407; x_wconf 65' lang='lat' dir='ltr'>ire,</span> <span class='ocrx_word' id='word_1_187' title='bbox 1452 1361 1511 1399; x_wconf 82' lang='lat' dir='ltr'>vix</span> 
     </span>
    </p>
   </div>
   <div class='ocr_carea' id='block_1_6' title="bbox 107 1493 775 1625">
    <p class='ocr_par' dir='ltr' id='par_1_6' title="bbox 107 1493 775 1625">
     <span class='ocr_line' id='line_1_24' title="bbox 110 1493 774 1535; baseline -0.002 -9"><span class='ocrx_word' id='word_1_188' title='bbox 110 1505 145 1535; x_wconf 82' lang='lat' dir='ltr'>e.‚</span> <span class='ocrx_word' id='word_1_189' title='bbox 165 1494 255 1526; x_wconf 84' lang='lat' dir='ltr'>Curt.</span> <span class='ocrx_word' id='word_1_190' title='bbox 276 1493 311 1532; x_wconf 87' lang='lat'>3,</span> <span class='ocrx_word' id='word_1_191' title='bbox 334 1494 390 1533; x_wconf 87' lang='lat'>19,</span> <span class='ocrx_word' id='word_1_192' title='bbox 411 1494 444 1524; x_wconf 73' lang='lat' dir='ltr'>T:</span> <span class='ocrx_word' id='word_1_193' title='bbox 459 1495 567 1535; x_wconf 76' lang='lat' dir='ltr'>fama</span> <span class='ocrx_word' id='word_1_194' title='bbox 590 1494 672 1526; x_wconf 84' lang='lat' dir='ltr'>bella</span> <span class='ocrx_word' id='word_1_195' title='bbox 696 1504 774 1526; x_wconf 82' lang='lat' dir='ltr'>con-</span> 
     </span>
     <span class='ocr_line' id='line_1_25' title="bbox 108 1538 775 1582; baseline 0 -11"><span class='ocrx_word' id='word_1_196' title='bbox 108 1543 219 1578; x_wconf 79' lang='lat' dir='ltr'>stare3</span> <span class='ocrx_word' id='word_1_197' title='bbox 246 1539 287 1570; x_wconf 87' lang='lat' dir='ltr'>ib.</span> <span class='ocrx_word' id='word_1_198' title='bbox 309 1538 344 1576; x_wconf 85' lang='lat'>8,</span> <span class='ocrx_word' id='word_1_199' title='bbox 369 1538 425 1579; x_wconf 79' lang='grc'>28,</span> <span class='ocrx_word' id='word_1_200' title='bbox 455 1540 494 1569; x_wconf 77' lang='lat'>15</span> <span class='ocrx_word' id='word_1_201' title='bbox 513 1550 543 1570; x_wconf 93' lang='lat' dir='ltr'>u.</span> <span class='ocrx_word' id='word_1_202' title='bbox 561 1550 590 1570; x_wconf 83' lang='lat' dir='ltr'>a.</span> <span class='ocrx_word' id='word_1_203' title='bbox 609 1558 654 1562; x_wconf 90' lang='lat'><strong>—</strong></span> <span class='ocrx_word' id='word_1_204' title='bbox 668 1550 775 1582; x_wconf 76' lang='lat' dir='ltr'>parra</span> 
     </span>
     <span class='ocr_line' id='line_1_26' title="bbox 107 1583 773 1625; baseline -0.003 -8"><span class='ocrx_word' id='word_1_205' title='bbox 107 1595 151 1617; x_wconf 84' lang='lat' dir='ltr'>m.</span> <span class='ocrx_word' id='word_1_206' title='bbox 167 1584 231 1615; x_wconf 91' lang='lat' dir='ltr'>und</span> <span class='ocrx_word' id='word_1_207' title='bbox 245 1583 265 1625; x_wconf 65' lang='grc' dir='ltr'>ξ</span> <span class='ocrx_word' id='word_1_208' title='bbox 280 1584 299 1614; x_wconf 83' lang='grc'>6</span> <span class='ocrx_word' id='word_1_209' title='bbox 318 1586 470 1616; x_wconf 63' lang='lat' dir='ltr'>tramisso</span> <span class='ocrx_word' id='word_1_210' title='bbox 487 1585 566 1615; x_wconf 83' lang='lat' dir='ltr'>nach</span> <span class='ocrx_word' id='word_1_211' title='bbox 585 1584 773 1616; x_wconf 85' lang='lat' dir='ltr'>demselben</span> 
     </span>
    </p>
   </div>
   <div class='ocr_carea' id='block_1_7' title="bbox 847 1492 1514 1572">
    <p class='ocr_par' dir='ltr' id='par_1_7' title="bbox 847 1492 1514 1572">
     <span class='ocr_line' id='line_1_27' title="bbox 847 1492 1514 1535; baseline 0.003 -10"><span class='ocrx_word' id='word_1_212' title='bbox 847 1492 974 1535; x_wconf 78' lang='lat' dir='ltr'>fullung</span> <span class='ocrx_word' id='word_1_213' title='bbox 999 1496 1056 1526; x_wconf 89' lang='lat' dir='ltr'>des</span> <span class='ocrx_word' id='word_1_214' title='bbox 1083 1494 1290 1535; x_wconf 53' lang='lat' dir='ltr'>XVunsches,</span> <span class='ocrx_word' id='word_1_215' title='bbox 1329 1496 1388 1527; x_wconf 90' lang='lat' dir='ltr'>der</span> <span class='ocrx_word' id='word_1_216' title='bbox 1417 1496 1447 1526; x_wconf 92' lang='lat' dir='ltr'>in</span> <span class='ocrx_word' id='word_1_217' title='bbox 1474 1498 1514 1527; x_wconf 77' lang='lat' dir='ltr'>ut</span> 
     </span>
     <span class='ocr_line' id='line_1_28' title="bbox 848 1540 1511 1572; baseline 0.003 -2"><span class='ocrx_word' id='word_1_218' title='bbox 848 1540 915 1571; x_wconf 71' lang='lat' dir='ltr'>illis</span> <span class='ocrx_word' id='word_1_219' title='bbox 931 1558 976 1562; x_wconf 95' lang='lat'>—</span> <span class='ocrx_word' id='word_1_220' title='bbox 993 1543 1083 1571; x_wconf 80' lang='lat' dir='ltr'>esset</span> <span class='ocrx_word' id='word_1_221' title='bbox 1100 1541 1268 1572; x_wconf 83' lang='lat' dir='ltr'>enthalten</span> <span class='ocrx_word' id='word_1_222' title='bbox 1283 1541 1339 1572; x_wconf 80' lang='lat' dir='ltr'>ist.</span> <span class='ocrx_word' id='word_1_223' title='bbox 1354 1559 1397 1563; x_wconf 87' lang='lat'>—</span> <span class='ocrx_word' id='word_1_224' title='bbox 1411 1550 1511 1572; x_wconf 77' lang='lat' dir='ltr'>ovan-</span> 
     </span>
    </p>
   </div>
   <div class='ocr_carea' id='block_1_8' title="bbox 848 1585 1512 1626">
    <p class='ocr_par' dir='ltr' id='par_1_8' title="bbox 848 1585 1512 1626">
     <span class='ocr_line' id='line_1_29' title="bbox 848 1585 1512 1626; baseline 0.002 -10"><span class='ocrx_word' id='word_1_225' title='bbox 848 1586 950 1626; x_wconf 75' lang='lat' dir='ltr'>tibus,</span> <span class='ocrx_word' id='word_1_226' title='bbox 979 1585 1010 1625; x_wconf 88' lang='lat'>1,</span> <span class='ocrx_word' id='word_1_227' title='bbox 1041 1585 1089 1625; x_wconf 90' lang='lat'>11,</span> <span class='ocrx_word' id='word_1_228' title='bbox 1121 1585 1155 1617; x_wconf 83' lang='lat'>2:</span> <span class='ocrx_word' id='word_1_229' title='bbox 1187 1586 1329 1618; x_wconf 71' lang='lat' dir='ltr'>victoria</span> <span class='ocrx_word' id='word_1_230' title='bbox 1358 1588 1512 1617; x_wconf 71' lang='lat' dir='ltr'>orantem</span> 
     </span>
    </p>
   </div>
   <div class='ocr_carea' id='block_1_9' title="bbox 101 1628 777 2702">
    <p class='ocr_par' dir='ltr' id='par_1_9' title="bbox 107 1628 777 2065">
     <span class='ocr_line' id='line_1_30' title="bbox 109 1628 775 1671; baseline 0 -10"><span class='ocrx_word' id='word_1_231' title='bbox 109 1629 240 1671; x_wconf 85' lang='lat' dir='ltr'>Tropus</span> <span class='ocrx_word' id='word_1_232' title='bbox 259 1629 322 1660; x_wconf 86' lang='lat' dir='ltr'>wie</span> <span class='ocrx_word' id='word_1_233' title='bbox 341 1628 361 1671; x_wconf 67' lang='grc' dir='ltr'>ξ</span> <span class='ocrx_word' id='word_1_234' title='bbox 380 1628 410 1660; x_wconf 90' lang='grc'>3.</span> <span class='ocrx_word' id='word_1_235' title='bbox 428 1647 472 1651; x_wconf 90' lang='lat'>——</span> <span class='ocrx_word' id='word_1_236' title='bbox 488 1632 695 1671; x_wconf 71' lang='lat' dir='ltr'>metamque,</span> <span class='ocrx_word' id='word_1_237' title='bbox 722 1640 775 1661; x_wconf 87' lang='lat' dir='ltr'>so-</span> 
     </span>
     <span class='ocr_line' id='line_1_31' title="bbox 110 1674 775 1713; baseline 0 -8"><span class='ocrx_word' id='word_1_238' title='bbox 110 1675 176 1705; x_wconf 83' lang='lat' dir='ltr'>wol</span> <span class='ocrx_word' id='word_1_239' title='bbox 194 1675 250 1705; x_wconf 87' lang='lat' dir='ltr'>das</span> <span class='ocrx_word' id='word_1_240' title='bbox 270 1674 351 1705; x_wconf 84' lang='lat' dir='ltr'>Eine</span> <span class='ocrx_word' id='word_1_241' title='bbox 369 1674 419 1705; x_wconf 85' lang='lat' dir='ltr'>als</span> <span class='ocrx_word' id='word_1_242' title='bbox 438 1675 495 1705; x_wconf 83' lang='lat' dir='ltr'>das</span> <span class='ocrx_word' id='word_1_243' title='bbox 514 1675 657 1713; x_wconf 85' lang='lat' dir='ltr'>Andere,</span> <span class='ocrx_word' id='word_1_244' title='bbox 677 1685 702 1706; x_wconf 91' lang='lat' dir='ltr'>s.</span> <span class='ocrx_word' id='word_1_245' title='bbox 723 1674 775 1706; x_wconf 93' lang='lat' dir='ltr'>Iu-</span> 
     </span>
     <span class='ocr_line' id='line_1_32' title="bbox 112 1719 775 1758; baseline 0.002 -8"><span class='ocrx_word' id='word_1_246' title='bbox 112 1720 187 1750; x_wconf 86' lang='lat' dir='ltr'>stin.</span> <span class='ocrx_word' id='word_1_247' title='bbox 209 1720 259 1756; x_wconf 82' lang='lat'>11,</span> <span class='ocrx_word' id='word_1_248' title='bbox 281 1719 309 1758; x_wconf 86' lang='lat'>1,</span> <span class='ocrx_word' id='word_1_249' title='bbox 328 1719 361 1750; x_wconf 76' lang='lat' dir='ltr'>S:</span> <span class='ocrx_word' id='word_1_250' title='bbox 383 1722 421 1750; x_wconf 75' lang='lat' dir='ltr'>ut</span> <span class='ocrx_word' id='word_1_251' title='bbox 437 1721 563 1751; x_wconf 76' lang='lat' dir='ltr'>metum</span> <span class='ocrx_word' id='word_1_252' title='bbox 582 1721 775 1751; x_wconf 77' lang='lat' dir='ltr'>timentibus</span> 
     </span>
     <span class='ocr_line' id='line_1_33' title="bbox 112 1764 776 1807; baseline 0 -12"><span class='ocrx_word' id='word_1_253' title='bbox 112 1764 260 1795; x_wconf 76' lang='lat' dir='ltr'>demeret</span> <span class='ocrx_word' id='word_1_254' title='bbox 282 1766 315 1794; x_wconf 79' lang='lat' dir='ltr'>et</span> <span class='ocrx_word' id='word_1_255' title='bbox 337 1765 369 1794; x_wconf 74' lang='lat'>2&#39;12</span> <span class='ocrx_word' id='word_1_256' title='bbox 393 1774 487 1806; x_wconf 78' lang='lat' dir='ltr'>spem</span> <span class='ocrx_word' id='word_1_257' title='bbox 517 1774 630 1795; x_wconf 80' lang='lat' dir='ltr'>omnes</span> <span class='ocrx_word' id='word_1_258' title='bbox 659 1765 776 1807; x_wconf 79' lang='lat' dir='ltr'>impel-</span> 
     </span>
     <span class='ocr_line' id='line_1_34' title="bbox 111 1808 777 1851; baseline -0.002 -10"><span class='ocrx_word' id='word_1_259' title='bbox 111 1808 204 1841; x_wconf 79' lang='lat' dir='ltr'>leret.</span> <span class='ocrx_word' id='word_1_260' title='bbox 222 1826 266 1830; x_wconf 90' lang='lat'>—</span> <span class='ocrx_word' id='word_1_261' title='bbox 286 1811 408 1851; x_wconf 79' lang='lat' dir='ltr'>pariae</span> <span class='ocrx_word' id='word_1_262' title='bbox 424 1809 508 1839; x_wconf 81' lang='lat' dir='ltr'>wird</span> <span class='ocrx_word' id='word_1_263' title='bbox 527 1809 627 1840; x_wconf 84' lang='lat' dir='ltr'>durch</span> <span class='ocrx_word' id='word_1_264' title='bbox 646 1809 777 1840; x_wconf 76' lang='lat' dir='ltr'>laturos</span> 
     </span>
     <span class='ocr_line' id='line_1_35' title="bbox 112 1852 777 1897; baseline 0.002 -13"><span class='ocrx_word' id='word_1_265' title='bbox 112 1855 142 1885; x_wconf 90' lang='lat' dir='ltr'>in</span> <span class='ocrx_word' id='word_1_266' title='bbox 162 1854 213 1884; x_wconf 90' lang='lat' dir='ltr'>die</span> <span class='ocrx_word' id='word_1_267' title='bbox 233 1852 382 1884; x_wconf 85' lang='lat' dir='ltr'>Zukunft</span> <span class='ocrx_word' id='word_1_268' title='bbox 407 1853 548 1892; x_wconf 78' lang='lat' dir='ltr'>geriickt</span> <span class='ocrx_word' id='word_1_269' title='bbox 564 1868 609 1879; x_wconf 86' lang='lat'>=</span> <span class='ocrx_word' id='word_1_270' title='bbox 625 1857 657 1885; x_wconf 78' lang='lat' dir='ltr'>si</span> <span class='ocrx_word' id='word_1_271' title='bbox 675 1857 777 1897; x_wconf 74' lang='lat' dir='ltr'>parta</span> 
     </span>
     <span class='ocr_line' id='line_1_36' title="bbox 107 1897 776 1940; baseline -0.001 -9"><span class='ocrx_word' id='word_1_272' title='bbox 107 1900 228 1940; x_wconf 75' lang='lat' dir='ltr'>fuerit,</span> <span class='ocrx_word' id='word_1_273' title='bbox 242 1899 308 1938; x_wconf 75' lang='lat' dir='ltr'>vgl.</span> <span class='ocrx_word' id='word_1_274' title='bbox 329 1897 379 1938; x_wconf 85' lang='lat'>30,</span> <span class='ocrx_word' id='word_1_275' title='bbox 395 1897 447 1936; x_wconf 88' lang='grc'>33,</span> <span class='ocrx_word' id='word_1_276' title='bbox 463 1898 499 1936; x_wconf 68' lang='lat'>83</span> <span class='ocrx_word' id='word_1_277' title='bbox 520 1898 549 1936; x_wconf 76' lang='lat'>5,</span> <span class='ocrx_word' id='word_1_278' title='bbox 566 1898 617 1937; x_wconf 84' lang='grc'>36,</span> <span class='ocrx_word' id='word_1_279' title='bbox 636 1899 675 1930; x_wconf 83' lang='grc'>10</span> <span class='ocrx_word' id='word_1_280' title='bbox 690 1909 720 1930; x_wconf 91' lang='lat' dir='ltr'>u.</span> <span class='ocrx_word' id='word_1_281' title='bbox 736 1909 776 1938; x_wconf 74' lang='lat' dir='ltr'>a.,</span> 
     </span>
     <span class='ocr_line' id='line_1_37' title="bbox 111 1942 775 1982; baseline 0 -7"><span class='ocrx_word' id='word_1_282' title='bbox 111 1954 184 1975; x_wconf 89' lang='lat' dir='ltr'>zum</span> <span class='ocrx_word' id='word_1_283' title='bbox 209 1943 387 1975; x_wconf 85' lang='lat' dir='ltr'>Gedanken</span> <span class='ocrx_word' id='word_1_284' title='bbox 418 1942 476 1981; x_wconf 83' lang='lat'>33,</span> <span class='ocrx_word' id='word_1_285' title='bbox 502 1942 561 1982; x_wconf 88' lang='grc'>33,</span> <span class='ocrx_word' id='word_1_286' title='bbox 586 1943 615 1974; x_wconf 88' lang='grc'>3.</span> <span class='ocrx_word' id='word_1_287' title='bbox 632 1962 677 1966; x_wconf 90' lang='lat'>—</span> <span class='ocrx_word' id='word_1_288' title='bbox 693 1944 775 1975; x_wconf 83' lang='lat' dir='ltr'>cele-</span> 
     </span>
     <span class='ocr_line' id='line_1_38' title="bbox 112 1988 776 2030; baseline 0 -10"><span class='ocrx_word' id='word_1_289' title='bbox 112 1990 244 2030; x_wconf 76' lang='lat' dir='ltr'>bretur,</span> <span class='ocrx_word' id='word_1_290' title='bbox 263 1989 325 2019; x_wconf 83' lang='lat' dir='ltr'>wie</span> <span class='ocrx_word' id='word_1_291' title='bbox 344 1988 508 2019; x_wconf 81' lang='lat' dir='ltr'>zahlreich</span> <span class='ocrx_word' id='word_1_292' title='bbox 528 2007 569 2010; x_wconf 88' lang='lat'><strong>—</strong></span> <span class='ocrx_word' id='word_1_293' title='bbox 589 1999 776 2020; x_wconf 85' lang='lat' dir='ltr'>zusammen</span> 
     </span>
     <span class='ocr_line' id='line_1_39' title="bbox 111 2035 285 2065; baseline -0.006 0"><span class='ocrx_word' id='word_1_294' title='bbox 111 2035 285 2065; x_wconf 80' lang='lat' dir='ltr'>stro‘mten.</span> 
     </span>
    </p>

    <p class='ocr_par' dir='ltr' id='par_1_10' title="bbox 101 2078 777 2702">
     <span class='ocr_line' id='line_1_40' title="bbox 157 2078 776 2118; baseline 0.002 -10"><span class='ocrx_word' id='word_1_295' title='bbox 157 2079 173 2108; x_wconf 80' lang='lat'>7</span> <span class='ocrx_word' id='word_1_296' title='bbox 184 2078 266 2109; x_wconf 82' lang='lat'>-9.</span> <span class='ocrx_word' id='word_1_297' title='bbox 291 2079 461 2110; x_wconf 60' lang='lat' dir='ltr'>‘inslructa</span> <span class='ocrx_word' id='word_1_298' title='bbox 476 2089 574 2118; x_wconf 58' lang='lat' dir='ltr'>omn„</span> <span class='ocrx_word' id='word_1_299' title='bbox 589 2079 689 2109; x_wconf 81' lang='lat' dir='ltr'>durch</span> <span class='ocrx_word' id='word_1_300' title='bbox 704 2079 776 2110; x_wconf 80' lang='lat' dir='ltr'>lau-</span> 
     </span>
     <span class='ocr_line' id='line_1_41' title="bbox 111 2123 774 2164; baseline 0 -10"><span class='ocrx_word' id='word_1_301' title='bbox 111 2128 164 2154; x_wconf 87' lang='lat' dir='ltr'>ter</span> <span class='ocrx_word' id='word_1_302' title='bbox 180 2123 303 2154; x_wconf 84' lang='lat' dir='ltr'>Reihen</span> <span class='ocrx_word' id='word_1_303' title='bbox 322 2134 353 2154; x_wconf 90' lang='lat' dir='ltr'>u.</span> <span class='ocrx_word' id='word_1_304' title='bbox 373 2134 399 2154; x_wconf 91' lang='lat' dir='ltr'>s.</span> <span class='ocrx_word' id='word_1_305' title='bbox 419 2134 476 2164; x_wconf 81' lang='lat' dir='ltr'>w.,</span> <span class='ocrx_word' id='word_1_306' title='bbox 501 2123 647 2163; x_wconf 86' lang='lat' dir='ltr'>iiberall,</span> <span class='ocrx_word' id='word_1_307' title='bbox 666 2124 774 2155; x_wconf 83' lang='lat' dir='ltr'>wohin</span> 
     </span>
     <span class='ocr_line' id='line_1_42' title="bbox 113 2168 777 2208; baseline 0.003 -10"><span class='ocrx_word' id='word_1_308' title='bbox 113 2169 161 2199; x_wconf 84' lang='lat' dir='ltr'>sie</span> <span class='ocrx_word' id='word_1_309' title='bbox 180 2168 312 2208; x_wconf 82' lang='lat' dir='ltr'>kamen,</span> <span class='ocrx_word' id='word_1_310' title='bbox 331 2170 469 2199; x_wconf 83' lang='lat' dir='ltr'>standen</span> <span class='ocrx_word' id='word_1_311' title='bbox 490 2169 537 2199; x_wconf 88' lang='lat' dir='ltr'>sie</span> <span class='ocrx_word' id='word_1_312' title='bbox 555 2179 594 2200; x_wconf 84' lang='lat' dir='ltr'>an</span> <span class='ocrx_word' id='word_1_313' title='bbox 614 2169 674 2200; x_wconf 91' lang='lat' dir='ltr'>den</span> <span class='ocrx_word' id='word_1_314' title='bbox 694 2168 777 2200; x_wconf 40' lang='lat' dir='ltr'>&amp;Ve-</span> 
     </span>
     <span class='ocr_line' id='line_1_43' title="bbox 113 2211 777 2256; baseline 0.003 -13"><span class='ocrx_word' id='word_1_315' title='bbox 113 2222 172 2252; x_wconf 84' lang='lat' dir='ltr'>gen</span> <span class='ocrx_word' id='word_1_316' title='bbox 192 2211 394 2253; x_wconf 78' lang='lat' dir='ltr'>aufgestellt,</span> <span class='ocrx_word' id='word_1_317' title='bbox 416 2213 469 2253; x_wconf 79' lang='lat'>21,</span> <span class='ocrx_word' id='word_1_318' title='bbox 488 2213 542 2252; x_wconf 82' lang='lat'>32,</span> <span class='ocrx_word' id='word_1_319' title='bbox 561 2212 595 2244; x_wconf 81' lang='lat'>8:</span> <span class='ocrx_word' id='word_1_320' title='bbox 618 2224 679 2256; x_wconf 80' lang='lat' dir='ltr'>per</span> <span class='ocrx_word' id='word_1_321' title='bbox 697 2224 777 2245; x_wconf 81' lang='lat' dir='ltr'>con-</span> 
     </span>
     <span class='ocr_line' id='line_1_44' title="bbox 101 2258 775 2299; baseline 0.001 -10"><span class='ocrx_word' id='word_1_322' title='bbox 101 2258 260 2299; x_wconf 77' lang='lat' dir='ltr'>fragosa</span> <span class='ocrx_word' id='word_1_323' title='bbox 291 2259 416 2298; x_wconf 80' lang='grc' dir='ltr'>οηιηία,</span> <span class='ocrx_word' id='word_1_324' title='bbox 447 2258 513 2297; x_wconf 69' lang='lat' dir='ltr'>vgl.</span> <span class='ocrx_word' id='word_1_325' title='bbox 541 2269 567 2289; x_wconf 88' lang='grc'>(·.</span> <span class='ocrx_word' id='word_1_326' title='bbox 594 2258 652 2298; x_wconf 80' lang='lat'>39,</span> <span class='ocrx_word' id='word_1_327' title='bbox 679 2259 709 2290; x_wconf 78' lang='lat'>7.</span> <span class='ocrx_word' id='word_1_328' title='bbox 732 2277 775 2281; x_wconf 90' lang='lat'><strong>—</strong></span> 
     </span>
     <span class='ocr_line' id='line_1_45' title="bbox 114 2302 777 2345; baseline 0.003 -12"><span class='ocrx_word' id='word_1_329' title='bbox 114 2302 304 2342; x_wconf 75' lang='lat' dir='ltr'>ordinibus,</span> <span class='ocrx_word' id='word_1_330' title='bbox 343 2303 394 2333; x_wconf 86' lang='lat' dir='ltr'>die</span> <span class='ocrx_word' id='word_1_331' title='bbox 433 2302 612 2341; x_wconf 82' lang='lat' dir='ltr'>gleichsam</span> <span class='ocrx_word' id='word_1_332' title='bbox 645 2303 777 2345; x_wconf 82' lang='lat' dir='ltr'>Spalier</span> 
     </span>
     <span class='ocr_line' id='line_1_46' title="bbox 111 2346 776 2389; baseline 0.002 -11"><span class='ocrx_word' id='word_1_333' title='bbox 111 2347 269 2378; x_wconf 78' lang='lat' dir='ltr'>bildeteu.</span> <span class='ocrx_word' id='word_1_334' title='bbox 285 2365 325 2368; x_wconf 79' lang='lat'>-—</span> <span class='ocrx_word' id='word_1_335' title='bbox 342 2346 536 2388; x_wconf 75' lang='lat' dir='ltr'>urbsHom.,</span> <span class='ocrx_word' id='word_1_336' title='bbox 550 2348 601 2378; x_wconf 90' lang='lat' dir='ltr'>die</span> <span class='ocrx_word' id='word_1_337' title='bbox 615 2348 776 2389; x_wconf 85' lang='lat' dir='ltr'>Emphase</span> 
     </span>
     <span class='ocr_line' id='line_1_47' title="bbox 112 2391 775 2434; baseline 0.002 -12"><span class='ocrx_word' id='word_1_338' title='bbox 112 2392 174 2423; x_wconf 85' lang='lat' dir='ltr'>wie</span> <span class='ocrx_word' id='word_1_339' title='bbox 197 2393 224 2431; x_wconf 88' lang='lat' dir='ltr'>l,</span> <span class='ocrx_word' id='word_1_340' title='bbox 244 2391 273 2427; x_wconf 85' lang='lat'>3,</span> <span class='ocrx_word' id='word_1_341' title='bbox 296 2392 346 2423; x_wconf 84' lang='lat'>10.</span> <span class='ocrx_word' id='word_1_342' title='bbox 365 2410 406 2413; x_wconf 82' lang='lat'>——</span> <span class='ocrx_word' id='word_1_343' title='bbox 426 2391 504 2423; x_wconf 77' lang='lat' dir='ltr'>deos</span> <span class='ocrx_word' id='word_1_344' title='bbox 523 2402 552 2424; x_wconf 86' lang='grc' dir='ltr'>ο.</span> <span class='ocrx_word' id='word_1_345' title='bbox 571 2392 612 2434; x_wconf 83' lang='lat' dir='ltr'>d.,</span> <span class='ocrx_word' id='word_1_346' title='bbox 631 2404 657 2424; x_wconf 87' lang='lat' dir='ltr'>s.</span> <span class='ocrx_word' id='word_1_347' title='bbox 675 2393 702 2432; x_wconf 83' lang='lat'>7,</span> <span class='ocrx_word' id='word_1_348' title='bbox 722 2393 775 2433; x_wconf 86' lang='grc'>26,</span> 
     </span>
     <span class='ocr_line' id='line_1_48' title="bbox 111 2436 775 2477; baseline 0.002 -10"><span class='ocrx_word' id='word_1_349' title='bbox 111 2437 149 2475; x_wconf 84' lang='grc'>4;</span> <span class='ocrx_word' id='word_1_350' title='bbox 168 2436 222 2477; x_wconf 88' lang='lat'>29,</span> <span class='ocrx_word' id='word_1_351' title='bbox 242 2436 294 2475; x_wconf 80' lang='lat'>27,</span> <span class='ocrx_word' id='word_1_352' title='bbox 314 2436 344 2467; x_wconf 86' lang='lat'>2.</span> <span class='ocrx_word' id='word_1_353' title='bbox 364 2438 531 2477; x_wconf 51' lang='lat' dir='ltr'>—sansffi</span> <span class='ocrx_word' id='word_1_354' title='bbox 550 2438 601 2477; x_wconf 62' lang='lat' dir='ltr'>it„</span> <span class='ocrx_word' id='word_1_355' title='bbox 627 2448 652 2468; x_wconf 91' lang='lat' dir='ltr'>s.</span> <span class='ocrx_word' id='word_1_356' title='bbox 673 2437 702 2477; x_wconf 88' lang='lat'>2,</span> <span class='ocrx_word' id='word_1_357' title='bbox 722 2438 775 2476; x_wconf 81' lang='lat'>49,</span> 
     </span>
     <span class='ocr_line' id='line_1_49' title="bbox 112 2482 774 2523; baseline 0.005 -12"><span class='ocrx_word' id='word_1_358' title='bbox 112 2482 142 2514; x_wconf 78' lang='lat'>7.</span> <span class='ocrx_word' id='word_1_359' title='bbox 159 2500 200 2503; x_wconf 97' lang='lat'><strong>—</strong></span> <span class='ocrx_word' id='word_1_360' title='bbox 215 2492 259 2512; x_wconf 69' lang='lat' dir='ltr'>em</span> <span class='ocrx_word' id='word_1_361' title='bbox 272 2482 368 2523; x_wconf 53' lang='lat' dir='ltr'>host„</span> <span class='ocrx_word' id='word_1_362' title='bbox 383 2482 559 2512; x_wconf 74' lang='lat' dir='ltr'>attributiv</span> <span class='ocrx_word' id='word_1_363' title='bbox 574 2493 614 2512; x_wconf 90' lang='lat' dir='ltr'>zu</span> <span class='ocrx_word' id='word_1_364' title='bbox 629 2484 774 2523; x_wconf 72' lang='lat' dir='ltr'>victoria,</span> 
     </span>
     <span class='ocr_line' id='line_1_50' title="bbox 112 2525 776 2565; baseline 0.002 -8"><span class='ocrx_word' id='word_1_365' title='bbox 112 2526 200 2558; x_wconf 73' lang='lat' dir='ltr'>vell.</span> <span class='ocrx_word' id='word_1_366' title='bbox 220 2526 291 2557; x_wconf 84' lang='lat' dir='ltr'>Pat.</span> <span class='ocrx_word' id='word_1_367' title='bbox 309 2525 340 2565; x_wconf 84' lang='lat'>2,</span> <span class='ocrx_word' id='word_1_368' title='bbox 363 2527 417 2565; x_wconf 77' lang='lat'>10,</span> <span class='ocrx_word' id='word_1_369' title='bbox 438 2526 472 2557; x_wconf 88' lang='lat'>2:</span> <span class='ocrx_word' id='word_1_370' title='bbox 497 2526 596 2558; x_wconf 60' lang='lat' dir='ltr'><em>Fabii</em></span> <span class='ocrx_word' id='word_1_371' title='bbox 619 2539 663 2558; x_wconf 62' lang='lat' dir='ltr'>ea·</span> <span class='ocrx_word' id='word_1_372' title='bbox 680 2527 776 2559; x_wconf 77' lang='lat' dir='ltr'><em>Allo-</em></span> 
     </span>
     <span class='ocr_line' id='line_1_51' title="bbox 113 2572 774 2612; baseline 0.002 -10"><span class='ocrx_word' id='word_1_373' title='bbox 113 2572 275 2612; x_wconf 73' lang='lat' dir='ltr'>brogibus</span> <span class='ocrx_word' id='word_1_374' title='bbox 293 2573 434 2603; x_wconf 71' lang='lat' dir='ltr'>victoria</span> <span class='ocrx_word' id='word_1_375' title='bbox 456 2572 575 2603; x_wconf 74' lang='lat' dir='ltr'>nobilis</span> <span class='ocrx_word' id='word_1_376' title='bbox 586 2573 682 2612; x_wconf 72' lang='lat' dir='ltr'>suit,</span> <span class='ocrx_word' id='word_1_377' title='bbox 707 2573 774 2611; x_wconf 75' lang='lat' dir='ltr'>vgl.</span> 
     </span>
     <span class='ocr_line' id='line_1_52' title="bbox 113 2615 772 2658; baseline 0.005 -13"><span class='ocrx_word' id='word_1_378' title='bbox 113 2615 166 2656; x_wconf 82' lang='lat'>28,</span> <span class='ocrx_word' id='word_1_379' title='bbox 194 2615 243 2654; x_wconf 71' lang='lat'>19,</span> <span class='ocrx_word' id='word_1_380' title='bbox 271 2615 321 2647; x_wconf 90' lang='grc'>11.</span> <span class='ocrx_word' id='word_1_381' title='bbox 355 2616 465 2648; x_wconf 76' lang='lat' dir='ltr'>Ueber</span> <span class='ocrx_word' id='word_1_382' title='bbox 485 2628 546 2658; x_wconf 77' lang='lat' dir='ltr'>que</span> <span class='ocrx_word' id='word_1_383' title='bbox 563 2627 602 2647; x_wconf 82' lang='lat' dir='ltr'>ac</span> <span class='ocrx_word' id='word_1_384' title='bbox 625 2627 650 2648; x_wconf 84' lang='lat' dir='ltr'>s.</span> <span class='ocrx_word' id='word_1_385' title='bbox 673 2618 700 2657; x_wconf 92' lang='lat'>1,</span> <span class='ocrx_word' id='word_1_386' title='bbox 722 2618 772 2657; x_wconf 83' lang='lat'>19,</span> 
     </span>
     <span class='ocr_line' id='line_1_53' title="bbox 115 2660 773 2702; baseline 0.005 -12"><span class='ocrx_word' id='word_1_387' title='bbox 115 2660 144 2691; x_wconf 88' lang='grc'>1.</span> <span class='ocrx_word' id='word_1_388' title='bbox 159 2679 198 2683; x_wconf 87' lang='grc'><strong>-</strong></span> <span class='ocrx_word' id='word_1_389' title='bbox 219 2663 258 2692; x_wconf 76' lang='lat' dir='ltr'>ut</span> <span class='ocrx_word' id='word_1_390' title='bbox 272 2679 316 2683; x_wconf 88' lang='lat'>—</span> <span class='ocrx_word' id='word_1_391' title='bbox 332 2663 431 2699; x_wconf 75' lang='lat' dir='ltr'>irent,</span> <span class='ocrx_word' id='word_1_392' title='bbox 452 2661 502 2692; x_wconf 84' lang='lat' dir='ltr'>die</span> <span class='ocrx_word' id='word_1_393' title='bbox 517 2661 620 2702; x_wconf 74' lang='lat' dir='ltr'>Fulge</span> <span class='ocrx_word' id='word_1_394' title='bbox 639 2662 698 2693; x_wconf 85' lang='lat' dir='ltr'>der</span> <span class='ocrx_word' id='word_1_395' title='bbox 711 2662 773 2694; x_wconf 85' lang='lat' dir='ltr'>Er-</span> 
     </span>
    </p>
   </div>
   <div class='ocr_carea' id='block_1_10' title="bbox 846 1629 1515 2705">
    <p class='ocr_par' dir='ltr' id='par_1_11' title="bbox 847 1629 1039 1662">
     <span class='ocr_line' id='line_1_54' title="bbox 847 1629 1039 1662; baseline 0.005 -1"><span class='ocrx_word' id='word_1_396' title='bbox 847 1629 1039 1662; x_wconf 75' lang='lat' dir='ltr'>Romulum.</span> 
     </span>
    </p>

    <p class='ocr_par' dir='ltr' id='par_1_12' title="bbox 846 1675 1515 2705">
     <span class='ocr_line' id='line_1_55' title="bbox 896 1675 1513 1718; baseline 0.002 -13"><span class='ocrx_word' id='word_1_397' title='bbox 896 1675 974 1706; x_wconf 73' lang='lat'>10—</span> <span class='ocrx_word' id='word_1_398' title='bbox 988 1675 1037 1706; x_wconf 90' lang='lat'>11.</span> <span class='ocrx_word' id='word_1_399' title='bbox 1060 1676 1288 1718; x_wconf 71' lang='lat' dir='ltr'>potissimum,</span> <span class='ocrx_word' id='word_1_400' title='bbox 1301 1675 1359 1706; x_wconf 89' lang='lat' dir='ltr'>mit</span> <span class='ocrx_word' id='word_1_401' title='bbox 1373 1675 1513 1706; x_wconf 78' lang='lat' dir='ltr'>Himan—</span> 
     </span>
     <span class='ocr_line' id='line_1_56' title="bbox 848 1720 1514 1760; baseline 0.002 -10"><span class='ocrx_word' id='word_1_402' title='bbox 848 1724 989 1760; x_wconf 87' lang='lat' dir='ltr'>setzung</span> <span class='ocrx_word' id='word_1_403' title='bbox 1012 1720 1097 1751; x_wconf 85' lang='lat' dir='ltr'>aller</span> <span class='ocrx_word' id='word_1_404' title='bbox 1120 1720 1270 1760; x_wconf 83' lang='lat' dir='ltr'>iibrigen.</span> <span class='ocrx_word' id='word_1_405' title='bbox 1287 1739 1331 1743; x_wconf 87' lang='lat'>—-</span> <span class='ocrx_word' id='word_1_406' title='bbox 1347 1720 1514 1752; x_wconf 64' lang='lat' dir='ltr'>modestia</span> 
     </span>
     <span class='ocr_line' id='line_1_57' title="bbox 849 1765 1515 1803; baseline 0 -8"><span class='ocrx_word' id='word_1_407' title='bbox 849 1769 922 1803; x_wconf 65' lang='lat' dir='ltr'>etc„</span> <span class='ocrx_word' id='word_1_408' title='bbox 954 1765 1014 1796; x_wconf 87' lang='lat' dir='ltr'>mit</span> <span class='ocrx_word' id='word_1_409' title='bbox 1044 1765 1103 1795; x_wconf 89' lang='lat' dir='ltr'>der</span> <span class='ocrx_word' id='word_1_410' title='bbox 1135 1765 1424 1803; x_wconf 83' lang='lat' dir='ltr'>Bereitwilligkeit</span> <span class='ocrx_word' id='word_1_411' title='bbox 1455 1765 1515 1795; x_wconf 83' lang='lat' dir='ltr'>der</span> 
     </span>
     <span class='ocr_line' id='line_1_58' title="bbox 849 1809 1513 1849; baseline 0 -9"><span class='ocrx_word' id='word_1_412' title='bbox 849 1809 1106 1840; x_wconf 84' lang='lat' dir='ltr'>Darbietenden.</span> <span class='ocrx_word' id='word_1_413' title='bbox 1120 1827 1164 1831; x_wconf 92' lang='lat'>—</span> <span class='ocrx_word' id='word_1_414' title='bbox 1179 1820 1279 1841; x_wconf 78' lang='lat' dir='ltr'>usum</span> <span class='ocrx_word' id='word_1_415' title='bbox 1295 1820 1375 1848; x_wconf 64' lang='lat' dir='ltr'>nec„</span> <span class='ocrx_word' id='word_1_416' title='bbox 1390 1810 1457 1849; x_wconf 80' lang='lat' dir='ltr'>vgl.</span> <span class='ocrx_word' id='word_1_417' title='bbox 1473 1820 1513 1840; x_wconf 87' lang='lat' dir='ltr'>zu</span> 
     </span>
     <span class='ocr_line' id='line_1_59' title="bbox 849 1853 1513 1895; baseline 0 -11"><span class='ocrx_word' id='word_1_418' title='bbox 849 1854 902 1893; x_wconf 77' lang='lat'>24,</span> <span class='ocrx_word' id='word_1_419' title='bbox 924 1854 952 1894; x_wconf 89' lang='lat'>1,</span> <span class='ocrx_word' id='word_1_420' title='bbox 972 1854 1006 1884; x_wconf 91' lang='lat'>2:</span> <span class='ocrx_word' id='word_1_421' title='bbox 1025 1856 1218 1885; x_wconf 73' lang='lat' dir='ltr'>necessaria</span> <span class='ocrx_word' id='word_1_422' title='bbox 1234 1856 1369 1893; x_wconf 76' lang='lat' dir='ltr'>usibus3</span> <span class='ocrx_word' id='word_1_423' title='bbox 1389 1854 1441 1895; x_wconf 72' lang='lat'>33,</span> <span class='ocrx_word' id='word_1_424' title='bbox 1460 1853 1513 1893; x_wconf 87' lang='lat'>30,</span> 
     </span>
     <span class='ocr_line' id='line_1_60' title="bbox 851 1899 1513 1939; baseline 0.002 -10"><span class='ocrx_word' id='word_1_425' title='bbox 851 1899 932 1929; x_wconf 75' lang='grc'>7.-</span> <span class='ocrx_word' id='word_1_426' title='bbox 946 1899 1028 1930; x_wconf 78' lang='lat' dir='ltr'>m&#39;lzz‘l</span> <span class='ocrx_word' id='word_1_427' title='bbox 1040 1902 1177 1939; x_wconf 76' lang='lat' dir='ltr'>morari,</span> <span class='ocrx_word' id='word_1_428' title='bbox 1193 1900 1250 1930; x_wconf 84' lang='lat' dir='ltr'>das</span> <span class='ocrx_word' id='word_1_429' title='bbox 1259 1899 1513 1939; x_wconf 84' lang='lat' dir='ltr'>Allgemeinere,</span> 
     </span>
     <span class='ocr_line' id='line_1_61' title="bbox 850 1943 1514 1984; baseline 0.002 -10"><span class='ocrx_word' id='word_1_430' title='bbox 850 1944 898 1974; x_wconf 87' lang='lat' dir='ltr'>sie</span> <span class='ocrx_word' id='word_1_431' title='bbox 916 1944 1029 1975; x_wconf 82' lang='lat' dir='ltr'>thaten</span> <span class='ocrx_word' id='word_1_432' title='bbox 1049 1944 1167 1984; x_wconf 87' lang='lat' dir='ltr'>nichts,</span> <span class='ocrx_word' id='word_1_433' title='bbox 1191 1945 1346 1975; x_wconf 83' lang='lat' dir='ltr'>wodurch</span> <span class='ocrx_word' id='word_1_434' title='bbox 1366 1945 1425 1975; x_wconf 83' lang='lat' dir='ltr'>der</span> <span class='ocrx_word' id='word_1_435' title='bbox 1442 1943 1514 1984; x_wconf 86' lang='lat' dir='ltr'>Zug</span> 
     </span>
     <span class='ocr_line' id='line_1_62' title="bbox 849 1987 1514 2030; baseline 0.002 -11"><span class='ocrx_word' id='word_1_436' title='bbox 849 1987 1059 2028; x_wconf 77' lang='lat' dir='ltr'>aufgehalten</span> <span class='ocrx_word' id='word_1_437' title='bbox 1084 1989 1217 2027; x_wconf 80' lang='lat' dir='ltr'>wurde3</span> <span class='ocrx_word' id='word_1_438' title='bbox 1243 1990 1326 2020; x_wconf 88' lang='lat' dir='ltr'>daun</span> <span class='ocrx_word' id='word_1_439' title='bbox 1350 1990 1407 2020; x_wconf 85' lang='lat' dir='ltr'>das</span> <span class='ocrx_word' id='word_1_440' title='bbox 1433 1989 1514 2030; x_wconf 89' lang='lat' dir='ltr'>Spe-</span> 
     </span>
     <span class='ocr_line' id='line_1_63' title="bbox 850 2034 1513 2065; baseline 0.002 -1"><span class='ocrx_word' id='word_1_441' title='bbox 850 2034 963 2064; x_wconf 87' lang='lat' dir='ltr'>cielle:</span> <span class='ocrx_word' id='word_1_442' title='bbox 984 2035 1031 2065; x_wconf 87' lang='lat' dir='ltr'>sie</span> <span class='ocrx_word' id='word_1_443' title='bbox 1047 2038 1153 2065; x_wconf 82' lang='lat' dir='ltr'>traten</span> <span class='ocrx_word' id='word_1_444' title='bbox 1171 2034 1259 2065; x_wconf 86' lang='lat' dir='ltr'>nicht</span> <span class='ocrx_word' id='word_1_445' title='bbox 1272 2044 1330 2065; x_wconf 86' lang='lat' dir='ltr'>aus</span> <span class='ocrx_word' id='word_1_446' title='bbox 1345 2035 1405 2065; x_wconf 89' lang='lat' dir='ltr'>den</span> <span class='ocrx_word' id='word_1_447' title='bbox 1421 2034 1513 2065; x_wconf 75' lang='lat' dir='ltr'>Glic-</span> 
     </span>
     <span class='ocr_line' id='line_1_64' title="bbox 850 2078 1515 2119; baseline 0.002 -10"><span class='ocrx_word' id='word_1_448' title='bbox 850 2079 929 2109; x_wconf 84' lang='lat' dir='ltr'>dern</span> <span class='ocrx_word' id='word_1_449' title='bbox 950 2080 1072 2119; x_wconf 70' lang='lat' dir='ltr'>(abire),</span> <span class='ocrx_word' id='word_1_450' title='bbox 1091 2096 1134 2101; x_wconf 90' lang='lat'>—</span> <span class='ocrx_word' id='word_1_451' title='bbox 1158 2079 1306 2110; x_wconf 83' lang='lat' dir='ltr'>machten</span> <span class='ocrx_word' id='word_1_452' title='bbox 1331 2079 1420 2110; x_wconf 84' lang='lat' dir='ltr'>nicht</span> <span class='ocrx_word' id='word_1_453' title='bbox 1437 2078 1515 2110; x_wconf 78' lang='lat' dir='ltr'>Halt</span> 
     </span>
     <span class='ocr_line' id='line_1_65' title="bbox 851 2123 1514 2163; baseline 0 -8"><span class='ocrx_word' id='word_1_454' title='bbox 851 2124 1074 2163; x_wconf 70' lang='lat' dir='ltr'>(subsistere),</span> <span class='ocrx_word' id='word_1_455' title='bbox 1093 2134 1188 2155; x_wconf 80' lang='lat' dir='ltr'>wenn</span> <span class='ocrx_word' id='word_1_456' title='bbox 1208 2135 1238 2154; x_wconf 93' lang='lat' dir='ltr'>u.</span> <span class='ocrx_word' id='word_1_457' title='bbox 1259 2134 1285 2155; x_wconf 91' lang='lat' dir='ltr'>s.</span> <span class='ocrx_word' id='word_1_458' title='bbox 1301 2134 1360 2163; x_wconf 84' lang='lat' dir='ltr'>w.;</span> <span class='ocrx_word' id='word_1_459' title='bbox 1380 2123 1514 2163; x_wconf 77' lang='lat' dir='ltr'>Madvig</span> 
     </span>
     <span class='ocr_line' id='line_1_66' title="bbox 849 2169 1512 2210; baseline 0 -11"><span class='ocrx_word' id='word_1_460' title='bbox 849 2179 951 2199; x_wconf 80' lang='lat' dir='ltr'>verm.</span> <span class='ocrx_word' id='word_1_461' title='bbox 981 2170 1022 2200; x_wconf 78' lang='lat' dir='ltr'>ab</span> <span class='ocrx_word' id='word_1_462' title='bbox 1051 2171 1162 2210; x_wconf 63' lang='lat' dir='ltr'>seg-nis</span> <span class='ocrx_word' id='word_1_463' title='bbox 1185 2169 1356 2200; x_wconf 73' lang='lat' dir='ltr'>discedere</span> <span class='ocrx_word' id='word_1_464' title='bbox 1380 2187 1423 2191; x_wconf 88' lang='lat'>—</span> <span class='ocrx_word' id='word_1_465' title='bbox 1445 2170 1512 2199; x_wconf 76' lang='lat' dir='ltr'>m&#39;sz&#39;</span> 
     </span>
     <span class='ocr_line' id='line_1_67' title="bbox 850 2213 1511 2255; baseline 0 -11"><span class='ocrx_word' id='word_1_466' title='bbox 850 2215 958 2245; x_wconf 74' lang='lat' dir='ltr'>cibum</span> <span class='ocrx_word' id='word_1_467' title='bbox 969 2219 1032 2244; x_wconf 86' lang='lat' dir='ltr'>etc.</span> <span class='ocrx_word' id='word_1_468' title='bbox 1047 2231 1092 2235; x_wconf 89' lang='lat'>—</span> <span class='ocrx_word' id='word_1_469' title='bbox 1104 2216 1161 2245; x_wconf 69' lang='grc' dir='ltr'>υιζιτ</span> <span class='ocrx_word' id='word_1_470' title='bbox 1171 2213 1268 2255; x_wconf 79' lang='lat' dir='ltr'>quod,</span> <span class='ocrx_word' id='word_1_471' title='bbox 1283 2213 1511 2253; x_wconf 76' lang='lat' dir='ltr'>nothwendige</span> 
     </span>
     <span class='ocr_line' id='line_1_68' title="bbox 850 2258 1511 2298; baseline 0 -9"><span class='ocrx_word' id='word_1_472' title='bbox 850 2258 1108 2298; x_wconf 64' lang='lat' dir='ltr'>Beschr‘zinkung</span> <span class='ocrx_word' id='word_1_473' title='bbox 1137 2259 1195 2289; x_wconf 89' lang='lat' dir='ltr'>des</span> <span class='ocrx_word' id='word_1_474' title='bbox 1221 2258 1443 2298; x_wconf 63' lang='lat' dir='ltr'>Vorhergeh„</span> <span class='ocrx_word' id='word_1_475' title='bbox 1473 2259 1511 2289; x_wconf 80' lang='lat' dir='ltr'>da</span> 
     </span>
     <span class='ocr_line' id='line_1_69' title="bbox 850 2303 1510 2343; baseline 0 -9"><span class='ocrx_word' id='word_1_476' title='bbox 850 2304 908 2334; x_wconf 83' lang='lat' dir='ltr'>der</span> <span class='ocrx_word' id='word_1_477' title='bbox 923 2303 1051 2334; x_wconf 84' lang='lat' dir='ltr'>Marsch</span> <span class='ocrx_word' id='word_1_478' title='bbox 1069 2304 1148 2334; x_wconf 83' lang='lat' dir='ltr'>nach</span> <span class='ocrx_word' id='word_1_479' title='bbox 1164 2303 1253 2343; x_wconf 58' lang='lat'>050,</span> <span class='ocrx_word' id='word_1_480' title='bbox 1276 2303 1288 2334; x_wconf 95' lang='grc'>1</span> <span class='ocrx_word' id='word_1_481' title='bbox 1306 2303 1510 2343; x_wconf 80' lang='lat' dir='ltr'>sechsTage,</span> 
     </span>
     <span class='ocr_line' id='line_1_70' title="bbox 849 2348 1510 2388; baseline 0 -9"><span class='ocrx_word' id='word_1_482' title='bbox 849 2348 1122 2379; x_wconf 70' lang='lat' dir='ltr'>wahrscheinlich</span> <span class='ocrx_word' id='word_1_483' title='bbox 1156 2348 1236 2379; x_wconf 79' lang='lat' dir='ltr'>aber</span> <span class='ocrx_word' id='word_1_484' title='bbox 1269 2349 1350 2379; x_wconf 88' lang='lat' dir='ltr'>noch</span> <span class='ocrx_word' id='word_1_485' title='bbox 1385 2349 1510 2388; x_wconf 76' lang='lat' dir='ltr'>liinger,</span> 
     </span>
     <span class='ocr_line' id='line_1_71' title="bbox 850 2392 1513 2434; baseline 0 -10"><span class='ocrx_word' id='word_1_486' title='bbox 850 2394 998 2432; x_wconf 82' lang='lat' dir='ltr'>dauerte,</span> <span class='ocrx_word' id='word_1_487' title='bbox 1017 2394 1082 2433; x_wconf 75' lang='lat' dir='ltr'>vgl.</span> <span class='ocrx_word' id='word_1_488' title='bbox 1101 2392 1179 2424; x_wconf 69' lang='grc' dir='ltr'>Τῑιο.</span> <span class='ocrx_word' id='word_1_489' title='bbox 1199 2394 1281 2424; x_wconf 83' lang='lat' dir='ltr'>Ann.</span> <span class='ocrx_word' id='word_1_490' title='bbox 1302 2392 1338 2432; x_wconf 87' lang='lat'>3,</span> <span class='ocrx_word' id='word_1_491' title='bbox 1357 2393 1513 2434; x_wconf 73' lang='lat' dir='ltr'>45:s1·e-</span> 
     </span>
     <span class='ocr_line' id='line_1_72' title="bbox 848 2438 1511 2479; baseline 0 -10"><span class='ocrx_word' id='word_1_492' title='bbox 848 2441 958 2470; x_wconf 75' lang='lat' dir='ltr'>mente</span> <span class='ocrx_word' id='word_1_493' title='bbox 977 2457 1015 2460; x_wconf 84' lang='lat'><strong>—</strong></span> <span class='ocrx_word' id='word_1_494' title='bbox 1035 2438 1139 2470; x_wconf 66' lang='lat' dir='ltr'>milite</span> <span class='ocrx_word' id='word_1_495' title='bbox 1154 2449 1195 2469; x_wconf 75' lang='lat' dir='ltr'>ne</span> <span class='ocrx_word' id='word_1_496' title='bbox 1211 2441 1342 2469; x_wconf 71' lang='lat' dir='ltr'>suetam</span> <span class='ocrx_word' id='word_1_497' title='bbox 1357 2440 1511 2479; x_wconf 76' lang='lat' dir='ltr'>requiem,</span> 
     </span>
     <span class='ocr_line' id='line_1_73' title="bbox 847 2484 1512 2526; baseline 0 -12"><span class='ocrx_word' id='word_1_498' title='bbox 847 2495 889 2514; x_wconf 83' lang='lat' dir='ltr'>ne</span> <span class='ocrx_word' id='word_1_499' title='bbox 911 2486 1022 2526; x_wconf 71' lang='lat' dir='ltr'>spatia</span> <span class='ocrx_word' id='word_1_500' title='bbox 1043 2484 1191 2514; x_wconf 71' lang='lat' dir='ltr'>noctium</span> <span class='ocrx_word' id='word_1_501' title='bbox 1223 2484 1445 2526; x_wconf 70' lang='lat' dir='ltr'>opperiretur.</span> <span class='ocrx_word' id='word_1_502' title='bbox 1469 2501 1512 2506; x_wconf 80' lang='lat'>—</span> 
     </span>
     <span class='ocr_line' id='line_1_74' title="bbox 848 2528 1510 2571; baseline 0.002 -12"><span class='ocrx_word' id='word_1_503' title='bbox 848 2528 964 2567; x_wconf 60' lang='lat' dir='ltr'>desid„</span> <span class='ocrx_word' id='word_1_504' title='bbox 982 2528 1035 2567; x_wconf 80' lang='lat'>21,</span> <span class='ocrx_word' id='word_1_505' title='bbox 1054 2528 1083 2569; x_wconf 73' lang='lat'>4,</span> <span class='ocrx_word' id='word_1_506' title='bbox 1102 2530 1136 2559; x_wconf 64' lang='grc' dir='ltr'>(ὃς</span> <span class='ocrx_word' id='word_1_507' title='bbox 1155 2530 1441 2571; x_wconf 74' lang='lat' dir='ltr'>cibipole&#39;om&#39;sque</span> <span class='ocrx_word' id='word_1_508' title='bbox 1453 2529 1510 2560; x_wconf 81' lang='lat' dir='ltr'>de-</span> 
     </span>
     <span class='ocr_line' id='line_1_75' title="bbox 848 2573 1509 2615; baseline 0.002 -11"><span class='ocrx_word' id='word_1_509' title='bbox 848 2573 972 2604; x_wconf 73' lang='lat' dir='ltr'>siderio</span> <span class='ocrx_word' id='word_1_510' title='bbox 993 2573 1145 2604; x_wconf 76' lang='lat' dir='ltr'>naturali</span> <span class='ocrx_word' id='word_1_511' title='bbox 1166 2591 1207 2595; x_wconf 78' lang='lat'>—-</span> <span class='ocrx_word' id='word_1_512' title='bbox 1232 2573 1354 2605; x_wconf 76' lang='lat' dir='ltr'>modus</span> <span class='ocrx_word' id='word_1_513' title='bbox 1380 2574 1509 2615; x_wconf 69' lang='lat' dir='ltr'>fiuz&#39;tm.</span> 
     </span>
     <span class='ocr_line' id='line_1_76' title="bbox 846 2618 1511 2662; baseline 0.002 -13"><span class='ocrx_word' id='word_1_514' title='bbox 846 2636 890 2640; x_wconf 93' lang='lat'>—</span> <span class='ocrx_word' id='word_1_515' title='bbox 906 2618 942 2650; x_wconf 75' lang='lat' dir='ltr'>id</span> <span class='ocrx_word' id='word_1_516' title='bbox 957 2618 1046 2660; x_wconf 74' lang='lat' dir='ltr'>quod</span> <span class='ocrx_word' id='word_1_517' title='bbox 1058 2618 1218 2659; x_wconf 72' lang='lat' dir='ltr'>gerendis</span> <span class='ocrx_word' id='word_1_518' title='bbox 1236 2619 1336 2650; x_wconf 77' lang='lat' dir='ltr'>rebus</span> <span class='ocrx_word' id='word_1_519' title='bbox 1353 2629 1511 2662; x_wconf 75' lang='lat' dir='ltr'>superes-</span> 
     </span>
     <span class='ocr_line' id='line_1_77' title="bbox 848 2663 1510 2705; baseline 0.002 -11"><span class='ocrx_word' id='word_1_520' title='bbox 848 2666 898 2694; x_wconf 75' lang='lat' dir='ltr'>set</span> <span class='ocrx_word' id='word_1_521' title='bbox 928 2665 1033 2705; x_wconf 70' lang='lat' dir='ltr'>quieti</span> <span class='ocrx_word' id='word_1_522' title='bbox 1059 2663 1189 2703; x_wconf 77' lang='lat' dir='ltr'>datum,</span> <span class='ocrx_word' id='word_1_523' title='bbox 1219 2663 1274 2704; x_wconf 85' lang='lat'>22,</span> <span class='ocrx_word' id='word_1_524' title='bbox 1307 2665 1344 2703; x_wconf 79' lang='lat'>9,</span> <span class='ocrx_word' id='word_1_525' title='bbox 1372 2665 1401 2695; x_wconf 82' lang='lat'>5.</span> <span class='ocrx_word' id='word_1_526' title='bbox 1451 2663 1510 2695; x_wconf 84' lang='lat' dir='ltr'>Die</span> 
     </span>
    </p>
   </div>
   <div class='ocr_carea' id='block_1_11' title="bbox 1543 1141 1582 1172">
    <p class='ocr_par' dir='ltr' id='par_1_13' title="bbox 1543 1141 1582 1172">
     <span class='ocr_line' id='line_1_78' title="bbox 1543 1141 1582 1172; baseline -0.026 0"><span class='ocrx_word' id='word_1_527' title='bbox 1543 1141 1582 1172; x_wconf 88' lang='lat'>10</span> 
     </span>
    </p>
   </div>
   <div class='ocr_carea' id='block_1_12' title="bbox 1544 1254 1580 1285">
    <p class='ocr_par' dir='ltr' id='par_1_14' title="bbox 1544 1254 1580 1285">
     <span class='ocr_line' id='line_1_79' title="bbox 1544 1254 1580 1285; baseline -0.028 0"><span class='ocrx_word' id='word_1_528' title='bbox 1544 1254 1580 1285; x_wconf 86' lang='lat'>11</span> 
     </span>
    </p>
   </div>
  </div>
 </body>
</html>
