1784 2967
152 449 206 488 46

182 853 200 884 5
230 858 253 884 a
273 845 381 884 fossa
404 843 546 883 Graeca
568 844 615 883 ad
637 856 743 882 mare
763 855 910 882 versam
933 843 1097 882 vendere
1119 848 1343 894 quaestores
1365 843 1474 890 iussi,
1497 843 1638 882 indicio
1670 847 1710 878 10

182 1251 199 1282 7

233 235 312 275 238

622 232 749 264 LIBER
774 231 930 265 XXVIII.
980 232 1073 264 CAP.
1103 233 1157 263 45,
1179 232 1232 263 46.

1491 250 1504 266 a
1533 249 1559 266 u.
1574 242 1636 268 549.

231 338 292 376 die
319 334 613 388 quadragesimo
637 334 791 385 quinto,
821 346 937 385 quam
966 347 1011 373 ex
1040 334 1144 373 silvis
1173 333 1338 373 detracta
1365 334 1523 373 materia
1545 340 1638 381 erat,

231 406 348 432 naves
368 393 577 431 instructae
598 395 841 442 armataeque
861 391 900 430 in
922 403 1060 443 aquam
1083 390 1269 430 deductae
1290 390 1380 429 sint.

347 448 551 488 Profectus
574 447 613 486 in
636 447 805 487 Siciliam
828 453 887 487 est
906 460 978 486 xxx
1000 447 1163 486 navibus
1184 447 1312 497 longis
1332 446 1640 486 voluntariorum

182 509 202 542 2
232 511 380 557 septem
402 504 523 543 ferme
542 503 709 543 millibus
729 504 767 543 in
788 516 903 543 naves
924 504 1132 556 impositis.
1164 509 1200 543 et
1214 504 1258 542 P.
1277 503 1446 543 Licinius
1468 503 1507 542 in
1523 504 1639 543 Brut-

230 563 306 601 tios
332 561 378 600 ad
401 561 500 600 duos
523 560 712 600 exercitus
735 561 956 600 consulares
977 561 1096 608 venit,
1118 574 1163 600 ex
1184 561 1229 600 iis
1253 572 1340 599 eum
1364 560 1436 599 sibi
1459 559 1638 612 sumpsit,
1667 566 1686 597 5

182 626 201 658 3
235 631 350 670 quem
384 618 426 657 L.
462 617 642 657 Veturius
678 617 811 657 consul
845 617 1046 664 habuerat3
1073 617 1239 664 Metello,
1267 622 1326 665 ut,
1354 616 1494 668 quibus
1529 629 1640 668 prae—

229 675 368 714 fuisset
402 674 634 725 leyz'om'bus‚
661 676 709 713 iis
735 681 947 725 praeesset,
974 674 1122 713 facilius
1158 687 1245 713 cum
1279 673 1446 713 adsuetis
1474 673 1638 724 imperio

180 740 202 770 4
230 745 311 772 rem
329 736 529 782 gesturum
550 735 668 778 ratus,
690 730 878 781 permisit.
919 735 957 769 et
976 735 1174 782 praetores
1198 730 1338 770 dIVersi
1359 730 1399 769 in
1421 729 1638 781 provincias

230 788 405 840 profecti.
438 792 475 826 et
492 787 582 838 quia
598 786 760 838 pecunia
777 787 823 825 ad
840 786 981 825 bellum
999 787 1138 834 deerat,
1152 787 1232 838 agri
1245 787 1428 838 Campani
1440 784 1639 837 regionem

231 914 385 954 quoque
407 900 615 952 permisso,
640 900 703 951 qui
725 912 815 950 ager
836 899 927 938 civis
950 900 1134 951 Campani
1154 900 1308 947 fuisset,
1330 900 1385 939 uti
1407 900 1439 938 is
1462 899 1638 951 publicus

229 958 365 1010 populi
385 957 551 996 Romani
572 961 676 995 esset
698 956 836 1005 3indici
857 956 1074 1007 praemium
1097 956 1365 1002 constitutum,
1389 961 1552 1007 quantae
1570 968 1642 1006 pe-

180 1023 200 1056 6
230 1014 364 1054 cuniae
390 1027 477 1065 ager
503 1013 694 1052 indicatus
725 1018 848 1059 esset,
871 1025 961 1064 pars
984 1013 1154 1052 decuma.
1197 1017 1234 1051 et
1254 1012 1321 1052 Cn.
1345 1012 1506 1051 Servilio
1527 1024 1642 1063 prae—

228 1071 304 1111 tori
324 1068 408 1110 nrb.
431 1070 631 1121 negotium
653 1070 798 1117 datum,
819 1074 863 1108 ut
879 1069 1066 1121 Campani
1087 1070 1200 1113 cives,
1222 1069 1287 1108 ubi
1310 1069 1447 1120 cuique
1463 1081 1507 1107 ex
1525 1080 1640 1107 sena-

229 1133 292 1167 tus
321 1127 499 1166 consulto
531 1127 665 1165 liceret
690 1126 882 1172 habitare,
912 1126 965 1165 ibi
986 1125 1219 1173 habitarent,
1246 1125 1641 1176 animadverteretque
1671 1128 1710 1160 15

230 1185 268 1223 in
291 1197 370 1230 eos,
392 1183 456 1234 qui
478 1183 565 1222 alibi
587 1183 813 1222 habitarent.

342 1241 485 1279 Eadem
514 1244 656 1279 aestate
678 1240 788 1290 Mago
811 1238 1037 1278 Hamilcaris
1067 1239 1168 1278 filius
1190 1251 1234 1277 ex
1254 1238 1408 1277 minore
1431 1237 1639 1277 Baliarium

228 1297 366 1344 insula,
388 1296 454 1335 ubi
476 1296 707 1344 hibernarat,
729 1296 924 1335 iuventute
944 1296 1038 1335 lecta
1055 1295 1094 1334 in
1112 1296 1272 1334 classem
1291 1294 1484 1346 imposita,
1508 1293 1547 1332 in
1562 1293 1640 1333 Ita-

228 1353 316 1393 liam
351 1366 424 1392 xxx
458 1352 579 1391 ferme
613 1352 791 1392 rostratis
819 1351 980 1391 navibus
1009 1357 1046 1390 et
1073 1351 1203 1390 multis
1233 1351 1408 1390 oneraris
1436 1350 1639 1389 duodecim

228 1506 272 1511 —
295 1487 428 1530 quadr„
458 1485 542 1518 freie
560 1487 697 1529 Appos„
722 1497 749 1518 s.
768 1486 821 1528 27,
840 1486 894 1528 30,

229 1534 259 1573 5,
294 1533 383 1564 nicht
410 1530 469 1564 auf
497 1534 635 1564 naz-ium,
663 1532 821 1572 bezogen.
850 1550 895 1555 —

228 1589 342 1621 quam,
373 1577 427 1617 27,
447 1578 477 1618 5,
497 1577 527 1619 9,
546 1578 610 1617 vgl.
628 1577 719 1609 Flor.
741 1577 769 1618 1,
791 1576 830 1608 18
851 1576 894 1618 (2,

228 1624 277 1664 2),
312 1624 346 1654 7:
380 1625 471 1655 intra
503 1623 762 1665 sewagesz'mum
794 1622 893 1662 diem,

226 1679 327 1712 qaam
350 1679 450 1699 caesa
479 1668 563 1699 silva
589 1668 726 1710 fuerat,
759 1671 895 1699 centum

226 1715 409 1755 seoeagz'nta
430 1714 568 1744 navium
591 1713 709 1745 classis
739 1713 802 1753 (die
836 1713 894 1744 des

225 1759 365 1798 Duilius)
383 1760 416 1789 in
435 1759 592 1790 anchoris
607 1760 712 1790 stetit.
731 1775 775 1780 ——
791 1769 836 1789 ex
852 1775 897 1780 —-

227 1804 367 1845 detrah„
385 1815 412 1835 s.
430 1803 483 1843 29,
503 1803 554 1845 20,
574 1802 610 1842 23
632 1803 684 1844 30,
703 1802 755 1844 37,
773 1802 837 1834 Su.
854 1813 896 1845 a,

226 1850 333 1882 seiten
352 1850 410 1880 mit
427 1848 478 1889 de,
496 1848 606 1889 haufig
623 1828 684 1879 1nit⁷
699 1849 771 1879 dem
786 1848 895 1880 Dativ.

227 1895 388 1927 deductae
405 1906 445 1933 s.,
463 1904 537 1924 vom
556 1893 672 1935 Stapel
690 1893 856 1933 gelassen.

272 1934 341 1972 46.
362 1939 423 1970 1-
428 1939 458 1970 3.
491 1939 675 1979 zoluntm„
700 1938 895 1970 schwerlich

227 1986 299 2017 sind
323 1985 376 2016 die
404 1996 431 2017 c.
449 1984 502 2023 45,
526 1984 565 2015 19
583 1984 817 2015 bezeichneten
836 1994 894 2024 ge-

225 2031 338 2071 meint,
357 2030 500 2061 sondern
518 2029 569 2060 die
587 2029 718 2069 Romer,
744 2039 770 2059 s.
789 2028 843 2070 29,
865 2028 893 2067 1,

227 2076 267 2114 13
304 2075 344 2107 10
367 2075 432 2106 und
460 2074 510 2105 die
535 2074 641 2105 Stelle
667 2084 725 2105 aus
744 2073 893 2104 Zonaras

226 2131 267 2152 zu
291 2131 318 2152 c.
343 2120 395 2159 45,
425 2120 475 2151 19.
498 2137 542 2142 ——
558 2121 591 2150 in
609 2129 698 2158 mlta,
733 2119 815 2149 ohne
834 2118 897 2149 Βε-

225 2166 375 2206 gleitung
391 2175 455 2197 von
475 2164 710 2203 Lastschiffen,
740 2164 805 2204 vgl.
825 2162 845 2204 ξ
864 2163 894 2194 7.

225 2229 269 2233 ——
287 2214 328 2252 et,
347 2210 427 2241 eben
447 2220 483 2241 so
502 2210 617 2240 locker
631 2210 704 2240 sind
723 2209 774 2240 die
793 2209 893 2240 S'zitze

225 2256 275 2287 his
300 2256 318 2296 ξ
344 2255 362 2286 6
385 2253 598 2296 angekniipft.
629 2273 668 2277 —
696 2253 828 2286 Metello
851 2271 896 2276 ——

223 2302 395 2344 permisit,
429 2301 548 2331 anders
572 2300 622 2331 als
647 2310 682 2331 es
709 2300 768 2330 der
792 2299 895 2330 Senat

229 2358 255 2377 c.
279 2346 333 2388 45,
359 2346 377 2376 9
401 2345 567 2377 bestimmt
588 2346 654 2376 hat.
687 2344 775 2376 Nacli
792 2354 894 2386 prae-

224 2393 353 2430 fuisset
392 2391 435 2422 ist
474 2390 747 2422 wahrscheinlich
789 2393 893 2420 etwas

228 2435 444 2475 ausgefallen,
471 2437 510 2467 da
529 2440 622 2467 sonst
643 2438 682 2467 ut
699 2444 892 2474 ausgewor-

228 2480 279 2511 fen
296 2482 359 2511 und
375 2492 431 2512 eos
444 2481 532 2512 nicht
546 2482 626 2511 ohne
641 2481 743 2511 Hiirte
757 2480 896 2520 ergiinzt

228 2527 359 2556 werden
383 2526 526 2565 miisste3
560 2526 714 2567 legionib.
739 2527 781 2556 z'is
796 2535 896 2567 prae-

229 2574 318 2601 esset
336 2571 436 2601 findet
455 2572 520 2601 sich
540 2571 569 2601 in
584 2571 748 2611 jiingeren
769 2570 844 2601 Hss.

274 2615 290 2644 *l
299 2616 372 2644 ῳ6.
392 2618 574 2655 regionem,
590 2617 641 2647 ein
658 2615 764 2654 Theil,
780 2614 893 2646 Stiick.

229 2659 294 2690 Das
318 2658 409 2690 Laud
433 2661 474 2690 ist
499 2662 577 2691 nach
603 2660 654 2702 27,
689 2661 739 2700 11,
770 2660 789 2691 8
818 2670 895 2691 ver-

967 1487 1100 1528 pachtet
1133 1486 1198 1517 und
1231 1486 1312 1517 noch
1347 1486 1533 1528 Staatsgut.
1579 1487 1639 1519 Die

966 1530 1056 1562 fossa
1067 1530 1195 1563 Graeca
1204 1541 1275 1562 war
1289 1531 1416 1563 siidlich
1430 1542 1480 1563 am
1495 1537 1637 1564 unteren

966 1576 1055 1608 Lauf
1069 1577 1126 1608 des
1141 1576 1262 1616 Clanis,
1281 1577 1338 1608 das
1356 1576 1447 1608 Land
1460 1587 1500 1608 an
1515 1578 1639 1609 diesem

967 1622 1017 1653 bis
1037 1632 1110 1653 zum
1124 1621 1247 1662 Meere,
1262 1622 1321 1653 der
1336 1623 1526 1662 ungesunde
1542 1622 1639 1654 Theil

967 1666 1195 1708 Campaniens,
1215 1666 1314 1707 s.22,
1335 1666 1385 1708 16,
1410 1667 1441 1706 4,
1466 1668 1549 1698 wird
1566 1667 1639 1699 also

967 1710 1135 1743 verkauft.
1152 1713 1311 1751 -ῑιιεεί,
1332 1722 1404 1743 vom
1423 1692 1554 1754 S’enate,
1574 1713 1638 1744 wol

969 1758 1049 1788 nach
1068 1757 1172 1788 einen]
1190 1756 1503 1789 Volksbeschlusse.
1528 1775 1572 1780 —
1587 1758 1641 1789 in-

967 1802 1072 1842 dicio,
1108 1812 1144 1832 so
1169 1802 1246 1833 dass
1270 1807 1434 1842 gestattet
1455 1803 1568 1834 wurde
1586 1803 1638 1834 die

967 1827 1115 1887 Anzeige
1136 1848 1378 1886 anzunehmen3
1414 1848 1519 1879 davon
1539 1848 1640 1888 hangt

967 1895 1024 1935 qui
1054 1910 1098 1915 -—
1119 1893 1256 1933 suisset
1282 1892 1322 1923 ab
1351 1893 1414 1924 und
1438 1894 1491 1924 uti
1513 1893 1556 1924 ist
1579 1893 1637 1924 das

967 1937 1084 1969 Motiv.
1120 1936 1194 1968 Mau
1209 1937 1279 1968 will
1292 1937 1471 1978 erkennen,
1486 1948 1537 1969 wo
1552 1943 1639 1970 etwa

966 1983 1074 2022 Land,
1098 1982 1242 2013 welches
1261 1983 1364 2014 eincm
1383 1982 1565 2024 Campaner
1582 1993 1640 2023 ge-

966 2029 1043 2059 hort
1061 2028 1126 2067 hat,
1145 2037 1209 2058 von
1224 2027 1381 2058 Privaten
1401 2028 1431 2058 in
1446 2028 1558 2059 Besitz
1576 2037 1637 2067 ge-

966 2082 1114 2104 nommen
1135 2073 1190 2110 ist,
1209 2082 1235 2103 s.
1255 2071 1308 2112 34,
1327 2072 1379 2113 45,
1396 2072 1433 2111 3;
1458 2072 1512 2113 42,
1533 2072 1584 2113 19,
1606 2072 1636 2103 1.

966 2136 1010 2140 -
1038 2118 1122 2148 civis
1153 2116 1279 2159 Camp.‚
1309 2127 1335 2148 s.
1366 2116 1420 2157 26,
1452 2117 1503 2158 16,
1534 2116 1564 2148 6.
1593 2135 1638 2140 -

966 2165 1110 2205 quantae
1127 2172 1158 2193 n.
1182 2172 1264 2205 pars
1288 2161 1428 2194 decuma
1445 2163 1518 2194 eius
1533 2172 1636 2205 pecu-

964 2210 1050 2247 m‘ae,
1069 2210 1214 2249 quantae
1235 2209 1414 2250 pecuniam
1449 2207 1503 2248 23,
1523 2207 1576 2247 21,
1595 2207 1633 2246 53

966 2253 1032 2293 vgl.
1069 2252 1149 2292 Leg.
1187 2251 1287 2283 Thor.
1318 2262 1346 2283 e.
1380 2252 1438 2284 91:
1475 2254 1532 2294 qui
1562 2262 1635 2284 eam

966 2309 1038 2330 rem
1058 2299 1129 2337 (ita)
1148 2297 1272 2329 indicio
1286 2298 1408 2339 fuerit,
1428 2298 1460 2328 ei
1473 2300 1544 2329 eius
1557 2300 1638 2339 agri

966 2362 1010 2366 —
1038 2346 1168 2386 partem
1197 2342 1286 2374 dato.
1316 2361 1355 2365 —
1389 2344 1447 2374 ubi
1468 2362 1511 2365 —
1535 2345 1633 2384 cuiq„

968 2389 1048 2420 nach
1082 2389 1143 2419 (len
1184 2388 1445 2418 verschiedenen
1487 2387 1636 2427 Classen,

967 2434 1093 2465 welche
1112 2433 1162 2473 26,
1183 2432 1225 2464 34
1242 2431 1449 2473 festgestellt
1467 2433 1549 2463 sind.
1569 2432 1636 2463 Der

967 2479 1170 2521 Propraetor
1183 2488 1246 2508 von
1262 2478 1468 2519 Campanien,
1488 2488 1515 2508 S.
1534 2488 1561 2508 c.
1579 2477 1633 2517 45,

970 2524 1028 2561 10,
1058 2524 1194 2562 besorgt
1223 2523 1316 2554 keins
1338 2524 1398 2554 der
1421 2522 1538 2553 beiden
1565 2521 1633 2553 Ge-

968 2569 1105 2607 schiffte,
1124 2568 1190 2608 vgl.
1210 2568 1262 2609 27,
1282 2569 1312 2609 3,
1334 2568 1367 2606 13
1387 2567 1498 2607 Lange
1513 2566 1542 2606 2,
1556 2566 1632 2597 203.

1013 2659 1028 2689 ἰ’
1041 2678 1075 2681 »-
1092 2660 1122 2691 9.
1150 2660 1255 2701 Mago
1273 2662 1335 2690 ete.
1356 2655 1473 2699 kniipft
1490 2667 1528 2688 an
1548 2667 1576 2688 c.
1590 2655 1631 2687 37
