1784 2967
94 842 130 873 10

92 1129 131 1160 15

88 1410 130 1442 20

163 242 189 261 a.
205 235 258 260 Ch.
274 235 335 259 214.
589 224 715 257 LIBER
732 224 860 258 XXIV.
894 223 988 256 CAP.
1010 224 1061 255 14.
1085 225 1135 256 15.

1518 225 1571 266 33

162 327 308 372 solum,
338 327 404 365 sed
428 327 626 366 consulem
650 327 697 365 M.
718 325 956 372 Marcellum,
985 327 1053 365 sed
1074 327 1278 365 universos
1301 332 1448 378 patres,
1471 339 1570 378 quos

161 383 361 423 consultos
390 383 437 422 ab
459 396 499 422 se
521 384 568 422 de
588 383 764 422 libertate
784 395 918 421 eorum
942 382 1016 421 sibi
1038 383 1277 433 permisisse.
1317 383 1462 422 litteras
1483 384 1572 422 inde

162 440 330 479 consulis
348 452 392 479 ac
409 446 563 479 senatus
583 440 805 479 consultum
821 439 1004 478 recitavit.
1047 440 1092 477 ad
1115 452 1211 490 quae
1233 441 1379 479 clamor
1401 453 1487 479 cum
1510 441 1571 479 in·

163 497 265 547 genti
295 497 463 535 adsensu
487 502 547 535 est
574 497 759 535 sublatus.
807 508 977 547 pugnam
1013 496 1228 547 poscebant
1262 497 1496 548 signumque
1530 502 1573 536 ut

162 554 270 592 daret
297 554 490 604 extemplo
517 554 699 592 ferociter
725 553 931 592 instabant.
973 552 1171 591 Gracchus
1198 553 1346 603 proelio
1374 554 1413 592 in
1435 559 1571 604 poste-

160 622 246 649 rum
277 610 375 648 diem
404 610 656 661 pronuntiato
681 610 905 649 contionem
929 609 1086 648 dimisit.
1127 609 1267 648 milites
1289 610 1393 655 laeti,
1421 610 1572 661 praeci-

159 679 234 717 pue
255 666 394 717 quibus
417 680 564 705 merces
591 671 749 706 navatae
771 667 808 705 in
833 679 951 704 unum
975 665 1076 704 diem
1099 678 1239 716 operae
1259 666 1413 705 libertas
1440 667 1571 706 futura

160 728 256 769 erat,
293 724 412 761 armis
448 724 697 774 expediendis
734 724 1000 774 terqendisque
1032 723 1107 761 (liei
1132 722 1289 761 relicum
1320 729 1570 762 consumunt.

161 785 320 831 postero
352 781 412 818 die
439 780 503 819 ubi
531 781 638 830 signa
667 785 879 831 coeperunt
907 792 1060 824 cauere,
1098 779 1212 830 primi
1242 780 1419 818 omnium
1448 780 1573 830 parati

159 836 415 887 instructique
442 837 489 876 ad
517 837 756 888 praetorium
784 836 1031 875 conveniunt.
1083 836 1164 874 sole
1193 841 1279 874 orto
1308 835 1504 875 Gracchus
1534 837 1572 874 in

158 893 279 932 aciem
308 894 440 944 copias
463 894 600 933 educit.
642 906 713 932 nec
734 894 867 932 hostes
886 905 1038 931 moram
1056 892 1265 931 dimicandi
1280 892 1466 932 fecerunt.
1505 892 1573 931 de-

159 962 241 989 cem
264 955 415 1001 septem
440 950 543 989 milia
564 950 736 1001 peditum
760 955 879 996 erant,
901 949 1063 988 maxima
1087 962 1131 987 ex
1153 954 1261 1000 parte
1282 949 1404 988 Brutti
1428 962 1473 988 ac
1493 949 1573 988 Lu-

160 1006 263 1054 cani,
293 1007 441 1057 equites
465 1019 559 1053 mcc,
588 1008 688 1045 inter
710 1019 807 1058 quos
830 1006 942 1058 pauci
964 1006 1176 1044 admodum
1199 1006 1331 1051 Italici,
1354 1006 1466 1044 ceteri
1488 1005 1571 1044 Nu-

161 1063 287 1102 midae
321 1064 402 1102 fere
437 1075 577 1102 omnes
605 1063 815 1114 Maurique.
865 1068 1079 1114 pugnatum
1109 1068 1168 1101 est
1195 1067 1232 1101 et
1259 1062 1396 1101 acriter
1425 1067 1463 1101 et
1489 1062 1572 1110 diu,

162 1125 344 1171 quattuor
371 1120 478 1158 horis
505 1125 643 1159 neutro
672 1120 850 1159 inclinata
879 1125 938 1158 est
965 1130 1108 1170 pugna.
1157 1131 1229 1157 nec
1256 1118 1325 1157 alia
1347 1119 1468 1169 magis
1491 1118 1572 1157 Ro-

161 1189 317 1215 manum
346 1176 580 1226 impediebat
606 1189 667 1215 res
696 1189 811 1228 quam
839 1176 961 1227 capita
993 1175 1163 1213 hostium
1187 1175 1307 1226 pretia
1328 1175 1492 1215 libertati
1513 1176 1572 1213 fa-

161 1238 236 1271 cta:
273 1245 360 1271 nam
389 1238 432 1271 ut
458 1232 622 1284 quisque
651 1234 805 1272 hostem
828 1233 976 1284 inpigre
1004 1231 1213 1276 occiderat,
1253 1232 1421 1283 primum
1451 1232 1574 1283 capite

159 1301 270 1339 aegre
304 1288 404 1327 inter
438 1289 588 1328 turbam
625 1290 911 1340 tumultumque
946 1289 1179 1328 abscidendo
1217 1288 1367 1327 terebat
1398 1294 1574 1339 tempus3

160 1345 297 1384 deinde
324 1351 506 1397 occupata
537 1346 666 1385 dextra
694 1347 860 1385 tenendo
890 1352 1005 1397 caput
1032 1345 1273 1384 fortissimus
1306 1346 1470 1396 quisque
1498 1358 1572 1396 pu-

160 1408 299 1453 gnator
315 1415 402 1441 esse
419 1403 595 1449 desierat,
619 1403 803 1454 segnibus
821 1416 865 1442 ac
880 1402 1025 1442 timidis
1041 1402 1178 1441 tradita
1196 1414 1324 1453 pugna
1341 1407 1432 1441 erat.
1470 1401 1573 1453 quod

158 1525 241 1567 gebe
259 1527 324 1558 und
343 1527 579 1567 gew2'ih1·leiste
593 1527 707 1558 sie.—
721 1527 831 1559 sed-—

158 1571 227 1611 sed,
253 1582 280 1603 s.
307 1571 337 1611 8,
363 1572 417 1612 34,
443 1572 479 1610 ’ῖς
510 1571 589 1603 Tac.
608 1573 692 1604 Anu.
721 1572 749 1612 1,
772 1572 827 1602 10:

159 1617 220 1649 sed
234 1617 433 1660 Pompeium
449 1635 492 1640 —
511 1617 573 1649 secl
588 1617 762 1661 Lepidum.
789 1617 830 1649 de

160 1663 267 1694 libert.
297 1664 418 1703 gehb'rt
449 1663 555 1693 sowol
588 1674 629 1694 zu
658 1662 830 1695 consultos

159 1708 210 1739 als
228 1718 270 1738 zu
284 1710 493 1751 permisisse.
512 1708 629 1740 literas
646 1719 686 1740 ac
699 1719 727 1739 3.
742 1718 780 1748 8.,
800 1718 827 1739 s.

160 1752 212 1793 26,
235 1753 284 1791 15,
303 1752 335 1784 8.
350 1772 394 1775 -
411 1753 456 1784 ad
471 1764 565 1794 quae,
584 1764 610 1784 s.
629 1764 655 1784 c.
675 1753 727 1791 30,
747 1754 829 1783 5.-

160 1807 301 1836 merces,
321 1808 348 1828 c.
372 1799 422 1836 15,
437 1798 472 1828 3:
490 1799 604 1840 pretia
621 1798 832 1829 libertati.—

163 1841 358 1884 eoepediend.
378 1847 452 1882 etc„
477 1843 528 1873 die
547 1843 750 1882 Erg'ziuzung
772 1843 832 1873 der

162 1886 274 1918 Liicke
292 1887 356 1918 und
373 1890 578 1919 consumunt
599 1888 642 1919 ist
667 1888 831 1926 unsicher‚

161 1932 229 1972 vgl.
246 1931 298 1970 26,
319 1932 371 1971 51,
390 1932 427 1963 4;
452 1943 550 1964 arma
566 1943 688 1965 curare
705 1943 744 1964 ac
762 1935 831 1964 ter-

159 1987 243 2019 gere
259 1978 383 2015 iussin·
415 1977 469 2017 25,
494 1977 547 2017 38,
571 1978 631 2017 233
669 1978 697 2019 3,
724 1978 776 2017 62,
797 1979 831 2009 5:

162 2022 303 2054 relicum
320 2022 387 2054 diez·
400 2023 609 2066 apparandis
633 2025 739 2055 armis
756 2033 834 2054 con-

161 2071 334 2111 sumptum
353 2071 414 2100 est.
433 2068 470 2100 L.
490 2069 628 2100 braucht
641 2069 693 2099 bei
711 2079 834 2100 consu-

160 2123 253 2145 mere
269 2114 475 2153 gew‘o‘hnlich
500 2115 561 2145 den
593 2114 726 2145 blossen
746 2113 832 2153 Ab1.‚

161 2157 278 2189 Cicero
304 2159 389 2190 liisst
412 2159 532 2197 selten,
551 2160 615 2190 wie
637 2159 728 2190 Fam.
751 2159 781 2198 7,
803 2158 832 2199 1,

165 2204 198 2242 1;
222 2203 272 2243 11,
291 2203 342 2246 27,
362 2204 390 2245 5,
409 2206 443 2236 in
461 2214 544 2244 weg.

210 2242 276 2280 15.
306 2249 413 2280 1—2.
444 2253 581 2293 postero
607 2249 678 2290 die,
702 2250 741 2280 da
764 2248 834 2281 sole

163 2296 237 2325 orto
260 2292 354 2334 folgt,
379 2304 439 2325 vor
456 2294 766 2335 Tages-Anbruch.
790 2312 834 2317 —

162 2341 228 2380 sig.
247 2349 273 2370 c.
292 2350 423 2377 canere,
441 2341 493 2371 die
507 2340 648 2372 Zeichen
667 2341 834 2379 ertb'uten,

163 2385 308 2424 gegeben
339 2385 488 2424 wurden,
521 2396 548 2416 s.
578 2396 604 2417 c.
635 2384 689 2424 46,
707 2385 745 2424 23
783 2385 834 2425 10,

166 2429 216 2469 19,
238 2429 288 2472 12,
312 2430 378 2470 vgl.
404 2429 455 2469 26,
479 2430 533 2470 44,
558 2431 596 2469 43
629 2431 661 2470 2,
691 2430 745 2470 64,
777 2430 832 2461 1οε

165 2477 352 2507 cornicines
383 2493 427 2498 —
459 2485 579 2507 canere
600 2494 645 2498 -
667 2477 772 2507 iubet.
790 2494 834 2498 —

162 2521 268 2562 primi
286 2525 349 2552 etc.
380 2521 432 2551 die
456 2520 616 2562 Volonen,
639 2522 691 2552 die
712 2521 750 2552 L.
777 2521 834 2552 be—

165 2565 305 2597 sonders
324 2566 367 2597 im
390 2566 482 2606 Auge
501 2567 567 2597 hat.
592 2585 637 2589 ———
654 2566 700 2598 ad
712 2569 835 2608 praet„

165 2610 224 2641 der
241 2608 324 2642 freie
339 2610 434 2643 Platz
448 2621 510 2642 vor
527 2612 599 2642 dem
614 2611 835 2652 Praetorium,

164 2664 217 2686 wo
242 2655 310 2688 sich
341 2656 393 2687 die
418 2656 577 2688 Soldaten
603 2656 834 2694 versammeln,

239 2707 321 2734 Titus
342 2708 438 2735 Liviue
461 2709 490 2733 Υ.

905 1537 930 1559 s,
946 1526 1000 1565 21,
1020 1525 1071 1568 53,
1090 1526 1128 1559 6:
1150 1525 1254 1568 Marq.
1277 1525 1307 1565 3,
1326 1525 1357 1565 2,
1376 1525 1576 1557 319.—a¹e-

903 1582 975 1603 cem
992 1583 1018 1603 e.
1038 1583 1078 1609 3.,
1103 1571 1141 1602 Z.
1162 1572 1182 1613 ξ
1202 1571 1264 1602 115
1285 1571 1324 1602 A.
1347 1589 1392 1593 —
1410 1571 1523 1603 Brutt.
1541 1581 1573 1602 a.

902 1617 997 1652 Luc..
1022 1617 1148 1648 welche
1174 1617 1237 1647 wie
1263 1617 1314 1647 die
1333 1616 1502 1647 Samniten
1520 1615 1573 1655 23,

903 1662 957 1700 42,
977 1661 1012 1692 11
1030 1662 1061 1693 111
1077 1661 1257 1693 Hannibals
1272 1661 1380 1693 Heere
1395 1662 1577 1693 dienen.—

902 1707 1026 1747 Mauri,
1045 1707 1098 1747 21,
1117 1707 1171 1747 22,
1191 1706 1221 1738 3.

948 1752 1047 1783 3-4.
1075 1755 1182 1794 qaatl.
1196 1753 1240 1792 lz.‚
1256 1751 1351 1783 Caes.
1370 1752 1404 1783 B.
1420 1751 1454 1783 C.
1473 1751 1500 1792 1,
1515 1751 1575 1782 47:

901 1799 1096 1840 pugnatum
1132 1800 1186 1828 est
1224 1798 1435 1829 continenter
1483 1797 1578 1829 horis

906 1845 1058 1883 quinque,
1093 1841 1130 1873 Z.
1161 1842 1181 1884 ξ
1206 1842 1284 1873 396.
1311 1861 1356 1865 -
1389 1844 1502 1884 capita
1533 1860 1578 1864 —

899 1888 1006 1928 facta,
1034 1888 1093 1918 der
1116 1887 1285 1926 Umstand,
1309 1888 1396 1918 dass.
1430 1888 1583 1919 libertati

906 1933 1006 1973 hiingt
1030 1943 1094 1963 von
1117 1935 1228 1976 pretia
1248 1934 1345 1973 saeta
1370 1932 1421 1973 ab,
1447 1932 1499 1971 26,
1523 1931 1578 1972 46,

908 1978 962 2009 10:
981 1977 1139 2009 caedibus
1153 1978 1233 2020 finis
1247 1979 1375 2019 factus,
1401 1988 1427 2008 s.
1450 1977 1478 2017 1,
1500 1977 1527 2016 1,
1547 1976 1579 2008 8.

903 2041 949 2046 —
965 2034 1070 2064 aegre
1087 2024 1188 2055 durch
1213 2023 1264 2054 die
1287 2022 1497 2063 Entfernung
1512 2033 1577 2054 von

906 2068 1106 2101 abscidendo
1129 2068 1289 2109 gehoben.
1314 2087 1358 2091 -—
1381 2070 1471 2113 inter
1495 2070 1518 2100 t.
1544 2071 1577 2106 t.‚

906 2119 1005 2145 1111181Ί
1020 2115 1092 2145 dem
1112 2114 1298 2146 Getiimmel
1317 2114 1376 2145 der
1395 2114 1461 2144 sich
1481 2113 1580 2144 (1Γῇ11-

906 2160 1034 2199 genden
1068 2160 1132 2191 und
1166 2160 1358 2190 liirmenden
1387 2159 1580 2198 Menge.—

907 2214 1021 2248 occup.
1041 2204 1084 2243 d.‚
1103 2205 1179 2236 weil
1204 2205 1252 2236 sie
1275 2214 1326 2236 am
1350 2203 1459 2235 linken
1478 2204 1579 2234 Arme

906 2250 968 2281 deu
1002 2250 1115 2281 Schild
1149 2255 1276 2290 tragen.
1315 2268 1358 2272 —-
1394 2251 1579 2291 pugnator,

905 2295 1177 2327 wahrscheinlich
1187 2299 1259 2326 erst
1268 2305 1330 2327 von
1341 2294 1376 2325 L.
1388 2294 1579 2333 gebraucht,

907 2341 965 2372 mit
981 2351 1056 2372 esse
1072 2340 1264 2372 verbunden
1285 2338 1579 2370 nachdriicklieher

907 2386 957 2417 als
973 2396 1140 2429 pugnare,
1156 2396 1182 2417 s.
1201 2386 1227 2427 1,
1244 2385 1296 2425 28,
1314 2384 1342 2415 1.
1370 2383 1508 2415 warum
1527 2383 1578 2413 die

907 2431 1031 2463 Feiude
1075 2436 1175 2462 unter
1218 2431 1329 2461 diesen
1375 2428 1578 2461 Umst'a'nden

908 2476 1000 2508 nicht
1017 2477 1141 2517 siegen,
1166 2476 1210 2507 ist
1233 2475 1322 2506 nicht
1344 2474 1410 2505 wol
1435 2474 1579 2505 abzuse—

908 2522 981 2557 hen,
999 2532 1094 2552 wenn
1115 2522 1203 2552 nieht
1220 2521 1271 2551 die
1290 2519 1373 2550 Zahl
1392 2520 1451 2550 der
1473 2517 1579 2550 freien

909 2567 1068 2598 Soldaten
1094 2566 1277 2597 bedeutend
1302 2575 1457 2605 gewesen
1476 2564 1531 2603 ist,
1551 2573 1576 2594 s.

910 2623 936 2643 c.
957 2612 1006 2651 16,
1026 2613 1056 2642 6.

955 2658 1054 2688 5-6.
1081 2656 1170 2698 quod
1190 2666 1234 2689 u..
1261 2655 1298 2687 Z.
1322 2655 1343 2697 ξ
1362 2655 1437 2687 807.
1461 2672 1506 2676 —-
1522 2664 1579 2685 ne-

1292 2711 1307 2726 ‘)

1601 391 1621 422 9

1604 560 1643 591 10

1601 783 1651 821 15
