1784 2967
57 840 98 872 10

55 1122 96 1154 15

572 234 574 236 ·
599 222 726 255 LIBER
755 221 872 254 xxx.
905 222 997 254 CAe.
1025 222 1076 253 13.
1457 221 1532 260 351

130 239 155 258 a.
172 231 225 258 Ch.
241 232 301 257 203.

129 325 176 364 ab
203 337 248 364 eo
275 325 471 376 utrimque
500 324 643 376 pariter
670 323 876 362 amicitiam
898 323 1069 374 petitam.
1109 323 1185 362 iam
1206 326 1332 362 tantas
1353 322 1538 362 habuisse

129 393 236 433 opes,
259 385 303 419 ut
317 381 558 420 Masinissam
580 392 699 431 regno
716 379 874 430 pulsum
896 392 941 418 eo
964 379 1164 430 redegerit,
1184 384 1228 418 ut
1246 379 1322 418 vita
1342 379 1423 418 eius
1439 379 1542 419 fama

127 437 267 477 mortis
291 442 328 476 et
348 435 522 483 latebris,
542 437 712 475 ferarum
734 435 853 474 modo
876 436 916 474 in
936 435 1040 474 silvis
1061 441 1175 486 rapto
1198 435 1370 481 viventis,
1390 440 1541 486 tegere-

127 499 201 533 tur.
249 493 310 532 his
344 492 590 532 sermonibus
619 492 953 531 circumstantium
982 492 1195 530 celebratus
1223 504 1290 531 rex
1316 492 1356 531 in
1384 497 1540 543 praeto-

127 549 231 589 rium
251 550 296 589 ad
316 550 538 600 Scipionem
562 553 620 587 est
639 549 861 600 perductus.
903 549 1024 587 movit
1044 553 1081 587 et
1097 548 1323 599 Scipionem
1346 560 1434 587 cum
1456 548 1538 588 for—

127 611 218 645 tuna
239 606 403 657 pristina
424 605 492 643 viri
513 605 706 656 praesenti
726 605 906 644 fortunae
927 605 1090 651 conlata,
1110 609 1204 643 ·tum
1226 605 1443 643 recordatio
1464 605 1539 643 ho-

128 662 233 714 spitii
269 663 501 712 dextraeque
541 661 651 700 datae
688 666 725 700 et
751 661 920 700 foederis
948 661 1101 711 publice
1128 673 1171 699 ac
1201 661 1378 711 privatim
1407 661 1538 700 iuncti.

126 719 260 757 eadem
282 718 376 757 haec
396 722 434 756 et
455 717 621 768 Syphaci
645 718 818 756 animum
843 717 1033 756 dederunt
1057 717 1095 755 in
1120 717 1364 768 adloquendo
1382 716 1537 755 victore.

125 786 216 814 nam
238 787 325 813 cum
348 773 493 825 Scipio,
517 774 607 825 quid
630 774 705 813 sibi
726 774 924 820 voluisset,
947 778 1165 824 quaereret,
1187 773 1250 824 qui
1270 785 1352 812 non
1373 773 1538 812 societa-

125 837 204 870 tem
226 830 354 869 solum
377 830 578 869 abnuisset
598 830 829 877 Romanam,
851 830 918 868 sed
940 830 1042 868 ultro
1065 829 1209 868 bellum
1233 829 1436 876 intulisset,
1455 834 1539 868 tum

124 887 184 925 ille
204 899 386 937 peccasse
407 887 561 937 quidem
584 899 670 925 sese
692 892 806 937 atque
827 886 1022 924 insanisse
1042 885 1245 930 fatebatur,
1269 886 1335 924 sed
1358 897 1438 924 non
1455 890 1538 924 tum

125 943 282 982 demum
305 955 393 981 cum
416 955 522 981 arma
543 942 729 981 adversus
746 942 935 993 populum
952 942 1172 980 Romanum
1190 942 1374 992 cepisset3
1396 941 1537 981 exitum

124 1011 211 1037 eum
238 998 297 1037 sui
325 998 470 1037 furoris
498 999 643 1044 fuisse,
665 1010 746 1037 non
769 998 1025 1049 principium3
1046 1003 1129 1037 tum
1153 1011 1194 1036 se
1215 997 1426 1044 insanisse,
1455 1003 1537 1036 tum

125 1055 294 1106 hospitia
316 1055 460 1106 privata
483 1060 521 1093 et
542 1054 692 1105 publica
712 1055 870 1093 foedera
892 1055 1022 1093 omnia
1044 1067 1089 1092 ex
1109 1054 1240 1092 animo
1263 1053 1433 1100 eiecisse,
1451 1066 1538 1092 cum

122 1111 478 1161 Carthaginiensem
507 1116 726 1150 matronam
756 1111 918 1150 domum
947 1110 1152 1161 acceperit.
1198 1110 1272 1148 illis
1301 1110 1538 1160 nuptialibus

122 1167 272 1206 facibus
294 1167 438 1217 regiam
461 1168 722 1217 conflagrasse
743 1179 865 1214 suam,
885 1166 986 1205 illam
1009 1166 1149 1205 furiam
1166 1170 1395 1216 pestemque
1411 1166 1539 1204 omni-

123 1223 196 1262 bus
213 1223 483 1262 delenimentis
500 1224 672 1262 animum
691 1235 804 1262 suum
821 1223 1007 1262 avertisse
1023 1227 1137 1273 atque
1153 1221 1339 1261 alienasse
1354 1234 1426 1261 nec
1443 1234 1538 1262 con.u

866 1334 1094 1376 gewo’hnhche
1109 1333 1386 1366 Constructionen
1402 1334 1460 1365 des
1475 1333 1540 1366 Ge·-

866 1381 1017 1411 rundium
1032 1379 1172 1420 zulasst,
1182 1390 1208 1411 s,
1218 1390 1258 1411 zu
1269 1379 1540 1420 21,54,1.*qu2·d

867 1437 895 1457 s.
905 1435 944 1466 zu,
955 1435 1024 1456 was
1035 1435 1072 1456 er
1080 1424 1302 1464 beabsichtigt
1313 1424 1403 1456 habe⁴
1416 1426 1534 1466 -qm'‚

123 1334 372 1377 gesprochenen
414 1333 554 1366 Gebete..
594 1352 638 1357 —
677 1345 795 1379 pacem

123 1378 328 1412 freundliche
354 1378 565 1420 Gesinnung,
592 1390 618 1411 s.
642 1379 670 1419 1,
692 1379 741 1420 16,
762 1379 792 1411 3.

121 1427 250 1457 ——iam
273 1425 326 1456 ein
351 1435 454 1456 neuer
480 1424 611 1465 Grund,
636 1435 663 1456 s.
687 1425 739 1464 29,
760 1424 792 1465 3,

125 1469 184 1509 14;
207 1470 266 1501 mit
288 1469 471 1501 Riicksicht
493 1468 554 1501 auf
575 1470 633 1501 das
657 1470 790 1511 spiitere

121 1515 297 1546 Eintreten
307 1516 416 1546 dieses
426 1514 679 1546 Verhiiltnisses
689 1515 790 1546 durch

120 1563 190 1591 iam
212 1558 427 1601 angekniipft.
444 1561 664 1601 —serarum
681 1577 724 1582 -—
741 1561 792 1591 υί-

120 1606 229 1637 ventis
248 1605 292 1636 ist
309 1614 476 1645 genauere
490 1605 713 1644 Bestimmung
726 1615 790 1636 von

120 1651 190 1681 vita
218 1651 290 1680 eius
318 1650 384 1679 und
411 1651 568 1688 rit-entis,
597 1649 790 1680 absichtlich

122 1692 270 1725 entfernt
301 1703 364 1723 von
399 1695 488 1733 eius,
523 1703 574 1724 am
608 1693 700 1724 Ende
732 1693 790 1724 des

121 1738 242 1770 Satzes
260 1740 326 1769 vlia
342 1738 533 1777 gegeniiber
549 1737 699 1777 gestellt.

167 1782 279 1814 8—9.
304 1784 338 1814 in
357 1801 399 1804 -
416 1781 471 1823 ad,
490 1782 542 1823 29,
557 1782 587 1823 4,
606 1783 638 1813 5.
656 1783 792 1824 —for·

123 1831 205 1861 tuna
221 1828 384 1869 —sort.,
403 1828 455 1858 die
473 1828 558 1858 hohe
577 1827 731 1867 Stellung
747 1845 791 1849 —

121 1874 172 1905 die
201 1872 432 1912 ungliickliche
456 1872 557 1913 Lage.
582 1890 626 1894 —-
649 1872 790 1911 conlata,

121 1919 180 1950 das
227 1917 382 1949 Resultat
434 1917 494 1948 der
533 1916 791 1957 Vergleichung,

121 1963 247 1994 welche
272 1963 323 1993 die
342 1962 446 1994 H'arte
470 1962 582 1993 seines
601 1962 789 1993 Schicksals

120 2009 243 2048 zeigte.
266 2025 310 2030 —
330 2007 451 2050 public.
474 2017 505 2038 a.
524 2017 595 2050 pru,
620 2017 645 2038 s.
666 2006 788 2047 28,18,

121 2052 159 2091 33
188 2054 398 2096 privatimq„
432 2052 633 2083 wiederholt
664 2052 722 2083 das
756 2052 787 2082 in

120 2098 259 2140 hospitii
281 2098 379 2128 sehon
405 2097 650 2135 Angedeutete.
674 2115 718 2119 —
736 2107 790 2128 ea-

120 2141 194 2173 dem
212 2143 243 2173 lz.
261 2142 430 2173 dieselben
450 2141 629 2173 Umstiinde
648 2142 710 2171 und
727 2141 791 2171 sse-

121 2187 354 2226 trachtungen.
382 2204 427 2208 —-
456 2188 488 2217 in
514 2186 620 2228 aclloq.
652 2188 789 2225 victore,

121 2233 151 2262 in
172 2231 356 2272 Beispielen
374 2231 438 2261 wie
456 2230 522 2262 Cic.
535 2231 616 2262 Tus.
636 2230 666 2269 3,
684 2231 714 2269 9,
731 2230 789 2262 20:

120 2278 258 2308 verbnm
287 2275 425 2307 ductum
452 2286 473 2306 α
501 2277 601 2307 nimis
625 2276 789 2307 fnluemlo

119 2322 298 2359 fortunam
321 2320 480 2358 alteritts3
506 2320 605 2351 Varr.
632 2320 669 2351 R.
695 2320 732 2351 R.
758 2320 786 2360 3,

121 2366 156 2397 9:
186 2368 218 2397 in
242 2365 459 2408 supponendo
487 2376 547 2396 ova
570 2376 600 2396 u.
631 2375 660 2395 a.
688 2365 789 2396 findet

119 2412 189 2442 sich
209 2412 267 2441 der
282 2410 460 2441 Accusativ
477 2410 526 2440 bel
542 2411 613 2440 dem
637 2409 709 2440 Abi.
729 2410 786 2441 des

119 2455 321 2488 Gerundium
342 2456 399 2486 mit
417 2455 509 2485 einer
528 2455 663 2495 Priipos.
681 2480 688 2491 ,
707 2455 787 2485 doch

119 2502 164 2532 ist
182 2501 334 2532 dersclbe
353 2501 461 2540 wenig
484 2500 733 2538 gebriiuchlich,
753 2510 789 2530 so

120 2547 196 2578 dass
216 2546 252 2576 L.
277 2556 315 2577 an
335 2557 366 2576 u.
385 2545 516 2575 St.w01
537 2546 625 2575 nieht
642 2545 698 2575 das
717 2545 786 2575 luds.

119 2593 290 2631 rictorem,
309 2591 452 2621 sondern
472 2591 599 2621 victore
618 2590 786 2629 geschrie-

120 2635 182 2667 ben
204 2637 274 2675 hat,
299 2636 448 2676 obgleich
472 2645 510 2665 er
531 2635 702 2666 biswcilen
726 2645 789 2664 un-

866 1480 892 1502 s.
910 1481 938 1501 c.
954 1469 1006 1510 31,
1022 1469 1059 1508 2,
1081 1468 1135 1509 36,
1150 1469 1203 1510 28,
1221 1470 1258 1500 4:
1274 1472 1305 1501 te
1316 1468 1536 1512 inprudentia

864 1514 940 1552 labi,
960 1517 1018 1556 qui
1031 1516 1128 1546 nobis
1144 1517 1301 1557 imperes,
1319 1525 1350 1545 u.
1370 1524 1400 1545 a.
1419 1532 1458 1536 —
1475 1515 1534 1546 ab·

863 1561 1014 1597 nm‘sset,
1033 1559 1206 1591 vielleicht
1229 1559 1261 1590 in
1279 1558 1459 1590 Riicksicht
1481 1557 1539 1590 auf

865 1605 917 1635 die
941 1615 969 1635 c.
988 1603 1007 1634 3
1033 1604 1227 1635 erwiihnten
1251 1604 1416 1644 Antriige,
1441 1604 1481 1635 da
1499 1614 1537 1635 er

864 1649 987 1680 vorher
999 1649 1050 1679 ein
1068 1649 1231 1679 Biindniss
1245 1650 1304 1680 mit
1317 1649 1378 1679 den
1393 1648 1536 1680 Rb'mera

864 1693 987 1733 gehabt
1004 1694 1112 1733 hatte,
1131 1703 1158 1724 s.
1177 1693 1231 1733 29,
1249 1693 1303 1733 24,
1322 1693 1353 1725 3.
1370 1711 1414 1716 -
1431 1693 1533 1733 ultro,

865 1738 918 1775 21,
941 1737 970 1777 1,
988 1737 1019 1768 3.

914 1781 1056 1813 10—11.
1076 1783 1247 1813 insanisse
1258 1782 1430 1824 —sm·or‚
1445 1783 1533 1813 hier:

863 1825 1169 1858 leidenschaftliche
1185 1826 1442 1867 Verblendung,
1464 1827 1533 1867 vgl.

864 1871 919 1911 28,
938 1871 991 1912 24,
1011 1872 1048 1910 53
1075 1871 1128 1910 27,
1148 1871 1198 1902 12.
1216 1889 1261 1894 —
1278 1873 1411 1903 eoez'tmn
1424 1872 1536 1903 erklii-

864 1917 985 1948 rendes
1014 1916 1227 1958 Asyndeton‚
1256 1916 1306 1948 als
1332 1916 1534 1948 Parenthese

863 1973 905 1993 zu
927 1963 1077 1993 nehmen.
1096 1980 1140 1984 -
1158 1972 1233 1993 eum
1250 1962 1308 1992 das
1327 1962 1358 1992 in
1376 1972 1475 1993 arma
1491 1979 1535 1984 —

862 2007 1327 2050 cepissetAusgesprochene:
1344 2007 1436 2038 darin
1452 2006 1533 2038 habe

862 2052 1063 2091 bestanden3
1104 2052 1238 2083 Andere
1284 2062 1387 2083 verm.
1426 2052 1533 2090 lmncg

861 2099 981 2128 istum.
998 2114 1042 2119 --
1061 2100 1142 2137 tum,
1160 2097 1211 2128 die
1226 2097 1382 2137 Anapher
1395 2097 1533 2127 vertritt

864 2142 916 2172 die
941 2141 1173 2180 Bezeichnung
1202 2142 1261 2172 des
1291 2141 1531 2180 Gegensatzes.

862 2203 908 2209 —
930 2188 1139 2226 matronam,
1171 2195 1240 2216 was
1270 2186 1318 2216 sie
1348 2186 1450 2216 durch
1480 2186 1531 2216 die

862 2230 1131 2270 Verbeirathung
1144 2230 1334 2269 geworden,
1353 2230 1443 2262 nicht
1456 2241 1532 2262 vor-

861 2277 922 2307 her
939 2285 1019 2306 war.

911 2320 962 2351 12.
1003 2319 1179 2362 nuptz'alib.
1217 2320 1304 2360 sac„
1343 2319 1396 2350 die
1430 2319 1532 2351 Braut

860 2366 976 2396 wurde
1009 2370 1109 2395 unter
1141 2365 1212 2395 dem
1244 2363 1432 2402 Vortragen
1466 2374 1530 2395 von

861 2410 1007 2442 Fackeln
1025 2410 1054 2440 in
1075 2409 1132 2440 das
1149 2409 1236 2440 Hans
1252 2409 1309 2439 ales
1326 2409 1530 2447 Briiutigams

862 2455 1006 2495 gesiihrt.
1023 2473 1063 2476 -—
1079 2454 1241 2494 delenita,
1257 2454 1310 2493 32),
1331 2454 1380 2493 11,
1395 2454 1428 2484 2:
1443 2454 1531 2486 illius

862 2503 1021 2532 excetrae
1049 2499 1278 2531 delenimentis
1301 2517 1344 2520 —
1366 2500 1532 2531 imbutum

860 2556 919 2576 nec
944 2546 1099 2585 parentis
1124 2562 1168 2566 —
1190 2555 1250 2575 nec
1278 2543 1418 2574 dem-mn
1437 2554 1530 2575 rere-

862 2590 1016 2621 cumbam
1041 2590 1178 2623 habere,
1202 2589 1267 2619 wol
1288 2589 1367 2619 nach
1386 2589 1532 2628 gleicher

862 2634 980 2676 Qucllc
1003 2634 1140 2666 Zonar.:
1171 2633 1221 2675 τῷ
1249 2630 1321 2678 γὰρ
1346 2633 1458 2678 πατρὶ
1480 2634 1529 2675 τῷ

1568 329 1586 360 7

1569 499 1589 531 8

1567 839 1608 871 10

1569 1008 1608 1040 11

1569 1120 1609 1152 12
