1784 2967
45 862 85 894 10

44 1150 83 1180 15

40 1429 82 1462 20

591 239 718 273 LIBER
734 239 847 273 XXV.
881 238 972 272 CAP.
993 240 1043 272 13.
1438 243 1516 284 137

114 257 140 275 a.
157 250 210 276 Ch.
227 250 287 275 212.

112 348 222 394 gatos
244 343 291 381 ad
313 341 561 381 Hannibalem
585 343 776 381 miserunt
797 349 970 389 orantes,
1001 348 1058 388 ut,
1088 344 1314 396 priusquam
1337 346 1515 386 consules

113 400 152 438 in
173 412 287 449 agros
309 411 403 438 suos
426 400 636 439 educerent
654 399 843 450 legiones,
870 399 1029 450 viaeque
1051 412 1187 440 omnes
1209 402 1381 441 hostium
1404 415 1517 454 prae—

112 456 219 495 sidiis
240 455 513 503 insiderentur,
532 457 772 495 frumentum
794 469 839 494 ex
860 456 1091 507 propinquis
1113 457 1209 496 locis
1227 458 1387 498 convehi
1407 460 1515 499 iuhe-

113 518 173 552 ret
204 513 384 564 Capuam.
433 513 620 552 Hannibal
646 513 875 551 Hannonem
905 525 949 551 ex
976 512 1116 551 Brutiis
1151 527 1238 553 cum
1277 516 1445 556 exercitu
1476 517 1516 556 in

113 569 362 620 Campaniam
392 570 558 609 transire
585 574 622 608 et
648 570 738 608 dare
766 582 942 620 operam,
977 575 1018 608 ut
1054 570 1236 609 frumenti
1273 573 1381 623 copia
1410 574 1516 613 fieret

111 626 337 678 Campanis,
370 626 495 665 iussit.
537 626 672 665 Hanno
694 638 739 665 ex
759 626 917 665 Bruttiis
939 626 1139 677 profectus
1162 640 1248 666 cum
1270 630 1437 669 exercitu
1458 631 1513 669 vi—

110 683 302 722 tabundus
325 688 447 722 castra
468 683 639 722 hostium
663 684 932 734 consulesque,
957 683 1021 734 qui
1044 683 1082 722 in
1105 684 1263 722 Samnio
1285 692 1404 732 erant,
1427 699 1513 726 cum

109 740 327 779 Benevento
349 739 425 779 iam
447 739 794 791 adpropinquaret,
825 753 911 779 MMM
932 752 1120 791 passuum
1143 741 1188 780 ab
1211 741 1295 792 ipsa
1315 743 1409 781 urbe
1428 744 1513 783 loco

111 796 213 836 edito
249 801 374 837 castra
408 797 560 848 posuit3
595 796 683 836 inde
711 810 756 836 ex
783 797 900 836 sociis
929 798 1026 836 circa
1055 798 1228 849 populis,
1264 811 1341 850 quo
1375 806 1516 839 aestate

110 858 395 905 comportatum
417 859 508 900 erat,
533 854 665 892 devehi
684 854 923 893 frumentum
952 854 991 892 in
1013 860 1136 894 castra
1163 855 1277 894 iussit
1311 856 1514 907 praesidiis

111 910 229 957 datis,
258 923 355 962 quae
377 916 615 950 commeatus
637 924 703 950 eos
726 916 1069 962 prosequerentur.
1111 912 1280 963 Capuam
1302 913 1391 952 inde
1412 925 1514 953 nun-

110 966 206 1006 tium
228 967 351 1015 misit,
380 980 454 1019 qua
482 968 544 1006 die
564 967 604 1006 in
626 968 762 1007 castris
784 968 829 1006 ad
851 968 1117 1018 accipiendum
1138 969 1376 1008 frumentum
1399 983 1514 1022 prae-—

110 1029 171 1063 sto
193 1030 324 1063 essent
345 1025 452 1063 omni
473 1025 643 1076 undique
665 1037 802 1076 genere
822 1024 1084 1064 vehiculorum
1107 1025 1450 1078 iumentorumque
1470 1041 1515 1067 ex

110 1080 210 1131 agris
234 1086 444 1120 contracto.
485 1081 522 1121 id
544 1094 615 1132 pro
639 1087 763 1121 cetera
784 1082 961 1120 socordia
978 1082 1291 1133 neglegentiaque
1312 1096 1332 1122 a
1349 1083 1514 1135 Campa-

109 1138 170 1176 nis
198 1142 344 1177 actum:
377 1138 492 1189 paulo
527 1139 614 1189 plus
651 1151 743 1177 cccc
770 1138 939 1177 vehicula
966 1138 1085 1177 missa
1111 1144 1147 1178 et
1173 1152 1293 1190 pauca
1320 1146 1515 1192 praeterea

109 1194 291 1233 iumenta.
340 1194 389 1233 ob
417 1195 455 1234 id
486 1195 680 1245 castigatis
702 1195 748 1234 ab
770 1195 974 1241 Hannone,
1005 1196 1109 1246 quod
1131 1208 1179 1234 ne
1199 1197 1320 1235 fames
1343 1197 1513 1249 quidem,

109 1263 205 1302 quae
226 1256 353 1290 mutas
374 1252 598 1290 accenderet
618 1251 782 1299 bestias,
813 1265 942 1291 curam
976 1265 1112 1291 eorum
1144 1253 1340 1293 stimulare
1367 1260 1512 1306 posset,

108 1307 177 1347 alia
199 1307 374 1359 prodicta
395 1308 475 1347 dies
497 1308 543 1347 ad
570 1309 809 1348 frumentum
836 1310 982 1348 maiore
1003 1316 1187 1361 apparatu
1207 1312 1428 1362 petendum.
1470 1325 1513 1351 ea

108 1365 240 1404 omnia
261 1364 361 1404 sicut
380 1370 461 1404 acta
483 1371 592 1405 erant
613 1378 700 1405 cum
722 1366 918 1406 enuntiata
938 1367 1214 1406 Beneventanis
1237 1374 1382 1415 essent,
1410 1369 1513 1419 lega-

107 1426 169 1461 tos
197 1422 326 1461 decem
355 1423 546 1474 extemplo
575 1423 619 1462 ad
650 1424 829 1462 consules
850 1447 905 1451 ——
936 1423 1034 1463 circa
1055 1424 1269 1464 Bovianum
1291 1431 1412 1465 castra
1433 1426 1513 1464 Ro-

106 1491 312 1518 manorum
334 1484 442 1519 erant
461 1503 516 1508 —-
537 1480 738 1520 miserunt.
781 1480 845 1532 qui
867 1493 954 1520 cum
976 1481 1132 1527 auditis,
1159 1494 1254 1533 quae
1277 1483 1322 1521 ad
1344 1483 1511 1534 Capuam

105 1541 318 1587 agerentur,
340 1536 438 1576 inter
460 1549 501 1576 se
523 1544 834 1589 comparassent,
857 1543 899 1577 ut
921 1538 1014 1578 alter
1034 1537 1074 1577 in
1095 1538 1344 1590 Campaniam
1368 1540 1514 1579 exerci-

105 1597 186 1632 tum
209 1592 377 1640 duceret,
400 1594 567 1641 Fulvius,
589 1594 648 1634 cui
671 1608 712 1634 ea
729 1595 925 1646 provincia
943 1595 1163 1642 obvenerat,
1187 1597 1385 1647 profectus
1401 1602 1516 1636 nocte

106 1728 158 1769 24,
181 1728 232 1761 12.
248 1747 293 1753 -
309 1730 460 1762 Hannon.
480 1741 507 1762 e.
526 1730 577 1770 B„
596 1730 648 1769 24,
668 1730 721 1770 20,
740 1731 770 1764 2.

106 1773 214 1806 Ueber
237 1775 289 1806 die
309 1775 570 1815 wiederholung
595 1777 769 1808 dei-selben

105 1818 225 1851 WVorte
251 1830 276 1851 5.
302 1831 343 1852 zu
365 1819 426 1861 24,
459 1820 515 1859 12,
545 1821 575 1852 7.
601 1839 645 1844 —
670 1823 770 1854 ritab.

103 1867 228 1905 castra,
247 1865 327 1897 Sall.
342 1863 425 1906 frag.
445 1864 473 1907 3,
493 1865 551 1898 20:
570 1867 770 1900 vitabundus

103 1910 241 1942 classem
251 1921 263 1948 ,·
281 1910 366 1944 Geli.
384 1911 497 1952 11,15,
511 1912 543 1943 7:
561 1912 772 1956 populabun-

103 1955 167 1987 dus
184 1966 304 1999 agros,
330 1961 425 1988 sonst
448 1957 494 1988 ist
510 1957 561 1988 die
579 1957 769 1990 Construct.

102 2001 220 2033 selten.
243 2019 288 2025 —
309 2004 424 2034 castra
446 2002 498 2033 bei
514 2002 655 2034 Luceria
680 2014 710 2035 u.
738 2004 768 2035 in

102 2046 278 2079 Samnium.

148 2092 246 2125 5-7,
274 2103 338 2134 quo
354 2111 398 2116 —-
415 2102 531 2137 comp„
551 2093 688 2126 Hannib.
714 2095 769 2127 hat

101 2138 132 2170 in
157 2137 322 2170 Samnium
340 2137 513 2179 Magazine
535 2139 673 2180 anlegen
700 2140 769 2172 las-

102 2194 172 2215 sen.
190 2201 234 2206 --
250 2186 378 2215 aestate
395 2184 509 2216 deutet
529 2195 586 2224 an,
611 2186 687 2217 dass
711 2186 771 2217 der

101 2228 225 2260 Herbst
242 2229 342 2260 sehon
362 2229 568 2269 eingetreten
583 2231 637 2262 ist.
654 2250 697 2254 ——
715 2243 768 2263 es-

101 2276 186 2313 sent,
204 2283 263 2305 aus
279 2273 393 2316 Capua
406 2285 447 2305 zu
461 2275 625 2317 erkliiren,
640 2277 769 2309 enth'alt

101 2319 159 2351 das
177 2319 302 2360 thatige
321 2319 457 2361 Subject
475 2330 515 2351 zu
534 2323 680 2353 omni—
692 2332 771 2355 con-

102 2367 221 2397 tracto.
239 2383 284 2388 —
299 2375 362 2408 pro
381 2375 407 2397 c,
422 2376 500 2405 soc„
518 2367 576 2398 mit
589 2367 648 2398 der
662 2373 767 2407 sonst,

101 2410 133 2442 in
155 2410 243 2442 allen
267 2411 411 2442 anderen
436 2410 689 2444 Verhiiltnissen
716 2413 767 2445 die

101 2455 283 2497 Campaner
297 2467 338 2488 zu
352 2455 528 2488 verfahren
538 2459 691 2498 pssegten.
717 2469 769 2490 ce-

101 2504 184 2542 tera,
203 2500 256 2540 34,
273 2500 325 2539 36,
345 2501 375 2533 4.
392 2520 437 2525 —
453 2502 629 2544 quadring.
642 2528 650 2543 ,
667 2503 768 2535 aller-

101 2547 195 2587 dings
209 2547 282 2578 eine
296 2547 433 2588 geringe
443 2547 525 2579 Zahl
540 2548 580 2579 im
590 2548 767 2589 Vergleich

99 2592 158 2623 mit
181 2592 241 2623 der
264 2591 389 2624 Gro'sse
419 2593 479 2624 der
502 2593 598 2625 Stadt
622 2595 685 2626 und
708 2595 767 2627 der

100 2637 294 2678 Forderung
307 2636 328 2679 ξ
343 2637 363 2669 6
378 2641 614 2680 omnig-essere,
628 2649 654 2671 S.
669 2638 690 2682 ξ
708 2640 765 2679 1ος

100 2692 136 2714 so
153 2683 229 2715 dass
247 2683 336 2716 nicht
352 2684 463 2725 nb‘thig
477 2685 521 2716 ist
537 2683 767 2727 quadraginta

843 1732 901 1763 mit
919 1732 1073 1773 Sigonius
1092 1743 1133 1763 zu
1151 1732 1254 1764 lesen.
1288 1732 1348 1764 Die
1365 1734 1514 1766 vehicula

844 1777 950 1808 selbst
968 1778 1050 1817 sind,
1070 1778 1131 1809 wie
1149 1789 1193 1810 ex·
1210 1779 1308 1819 agris
1326 1779 1425 1819 zeigt,
1446 1779 1512 1811 Oe-

843 1822 1126 1863 konomiewagen,
1157 1823 1330 1866 plaustra,
1355 1834 1381 1855 5.
1406 1835 1433 1856 c.
1461 1824 1512 1866 14,

846 1867 881 1898 11
896 1879 904 1902 ς
918 1867 1026 1899 Varro
1044 1868 1082 1899 L.
1100 1867 1177 1908 L.5,
1191 1868 1265 1900 180.
1279 1887 1321 1892 —
1336 1870 1375 1901 ob
1388 1869 1424 1901 id
1435 1871 1513 1910 geht

842 1911 900 1944 auf
911 1913 968 1944 das
982 1912 1155 1956 Vorherg.,
1173 1914 1262 1956 qaod
1276 1913 1335 1946 auf
1345 1915 1402 1946 das
1416 1914 1512 1956 Folg.

842 1977 886 1981 ——
914 1961 1044 1999 mutas,
1069 1970 1141 1991 man
1165 1964 1341 1992 erwartet:
1366 1961 1512 1992 welcher

844 2014 976 2044 sogar.
996 2023 1038 2027 —
1052 2005 1219 2047 prodicta,
1239 2015 1265 2037 s.
1284 2005 1321 2045 2,
1341 2005 1401 2046 61,
1421 2006 1457 2044 73
1478 2006 1508 2045 3,

843 2050 896 2090 57,
916 2048 946 2081 6.
964 2068 1008 2071 —
1024 2050 1158 2093 culpam,
1179 2050 1416 2092 Vorkehrung,
1440 2051 1512 2083 hier

842 2094 1146 2137 Trausportmittel,
1165 2106 1190 2127 5.
1209 2107 1235 2128 c.
1257 2096 1308 2137 14,
1329 2096 1380 2128 11.

887 2140 985 2172 8-9.
1012 2141 1133 2179 decem,
1153 2142 1216 2173 wie
1237 2141 1290 2181 24,
1305 2142 1357 2182 47,
1376 2141 1433 2182 133
1455 2141 1509 2183 22,

843 2185 900 2226 58,
920 2185 957 2225 63
986 2196 1024 2218 an
1048 2187 1099 2218 die
1125 2187 1237 2219 decem
1257 2189 1361 2230 primi
1381 2188 1413 2218 in
1437 2188 1509 2219 dem

842 2231 964 2263 Senate
982 2232 1042 2264 der
1059 2231 1257 2274 Municipien
1276 2233 1321 2264 ist
1336 2233 1402 2264 wol
1421 2233 1510 2264 nicht

842 2288 883 2308 zu
907 2277 1053 2317 denken,
1078 2288 1105 2309 s.
1125 2278 1190 2309 Cic.
1211 2277 1244 2309 S.
1264 2277 1359 2309 Rosc.
1387 2277 1422 2316 9,
1448 2277 1507 2317 253

841 2322 968 2354 Becker
985 2323 1016 2362 2,
1035 2322 1065 2362 2,
1084 2323 1160 2355 400.
1179 2342 1222 2346 —
1240 2325 1345 2362 eirca,
1364 2322 1508 2354 welches

841 2369 892 2399 die
908 2368 1005 2400 Hdss.
1024 2379 1086 2400 vor
1103 2368 1148 2400 ad
1163 2369 1282 2408 haben,
1301 2369 1364 2399 wie
1382 2368 1435 2408 21,
1454 2368 1508 2409 49,

842 2414 871 2452 7,
891 2414 1018 2445 scheint
1030 2414 1232 2454 umgestellt.
1248 2432 1291 2436 —
1310 2414 1507 2454 Bovianum,

841 2460 871 2498 9,
886 2458 951 2501 28„
971 2469 1191 2503 compat-ass,
1206 2470 1232 2490 s.
1248 2458 1278 2498 8,
1295 2458 1347 2497 20,
1362 2458 1397 2489 3:
1417 2469 1508 2491 com-

839 2514 963 2548 parare
978 2506 1067 2536 inter
1084 2516 1121 2537 se
1136 2506 1325 2547 provincias
1339 2505 1434 2541 iussi,
1453 2505 1509 2536 eui

840 2568 883 2572 —
906 2553 1080 2589 evenerat5
1107 2550 1251 2589 dagegen
1277 2549 1366 2581 steht
1389 2549 1425 2590 9,
1451 2549 1505 2589 31,

843 2594 856 2626 1
886 2596 1043 2627 obvenire
1066 2606 1129 2626 von
1162 2595 1222 2626 der
1251 2596 1403 2634 sortitio,
1439 2595 1505 2635 vgl.

841 2640 871 2679 7,
893 2640 948 2680 16,
967 2640 1005 2678 3,
1025 2640 1150 2671 Becker
1167 2639 1204 2679 2,
1222 2639 1408 2680 2,116.—
1425 2651 1506 2683 pro-

838 2687 957 2724 vincia,
976 2685 1027 2716 die
1046 2683 1292 2726 Rriegftihrung
1314 2686 1346 2717 in
1369 2684 1505 2728 Campa-

1542 1495 1561 1527 9
