<?xml version="1.0" encoding="UTF-8"?>
<!DOCTYPE html PUBLIC "-//W3C//DTD XHTML 1.0 Transitional//EN"
    "http://www.w3.org/TR/xhtml1/DTD/xhtml1-transitional.dtd">
<html xmlns="http://www.w3.org/1999/xhtml" xml:lang="en" lang="en">
 <head>
  <title>
</title>
<meta http-equiv="Content-Type" content="text/html;charset=utf-8" />
  <meta name='ocr-system' content='tesseract 3.04.00' />
  <meta name='ocr-capabilities' content='ocr_page ocr_carea ocr_par ocr_line ocrx_word'/>
</head>
<body>
  <div class='ocr_page' id='page_1' title='image "./aburbeconditalib0506livyuoft_0231.png"; bbox 0 0 1784 2967; ppageno 0'>
   <div class='ocr_carea' id='block_1_1' title="bbox 0 0 32 1393">
    <p class='ocr_par' dir='ltr' id='par_1_1' title="bbox 0 0 32 1393">
     <span class='ocr_line' id='line_1_1' title="bbox 0 0 32 1393; baseline 0 0"><span class='ocrx_word' id='word_1_1' title='bbox 0 0 32 1393; x_wconf 95' lang='lat' dir='ltr'> </span> 
     </span>
    </p>
   </div>
   <div class='ocr_carea' id='block_1_2' title="bbox 83 857 122 889">
    <p class='ocr_par' dir='ltr' id='par_1_2' title="bbox 83 857 122 889">
     <span class='ocr_line' id='line_1_2' title="bbox 83 857 122 889; baseline -0.051 0"><span class='ocrx_word' id='word_1_2' title='bbox 83 857 122 889; x_wconf 79' lang='lat'>10</span> 
     </span>
    </p>
   </div>
   <div class='ocr_carea' id='block_1_3' title="bbox 79 1422 121 1453">
    <p class='ocr_par' dir='ltr' id='par_1_3' title="bbox 79 1422 121 1453">
     <span class='ocr_line' id='line_1_3' title="bbox 79 1422 121 1453; baseline -0.071 0"><span class='ocrx_word' id='word_1_3' title='bbox 79 1422 121 1453; x_wconf 82' lang='lat'>20</span> 
     </span>
    </p>
   </div>
   <div class='ocr_carea' id='block_1_4' title="bbox 153 234 1075 271">
    <p class='ocr_par' dir='ltr' id='par_1_4' title="bbox 153 234 1075 271">
     <span class='ocr_line' id='line_1_4' title="bbox 153 234 1075 271; baseline -0.001 0"><span class='ocrx_word' id='word_1_4' title='bbox 153 253 179 271; x_wconf 79' lang='lat' dir='ltr'>a.</span> <span class='ocrx_word' id='word_1_5' title='bbox 197 244 249 271; x_wconf 85' lang='lat' dir='ltr'>ch.</span> <span class='ocrx_word' id='word_1_6' title='bbox 265 247 325 270; x_wconf 84' lang='lat'>211.</span> <span class='ocrx_word' id='word_1_7' title='bbox 630 234 755 268; x_wconf 84' lang='lat' dir='ltr'>LIBER</span> <span class='ocrx_word' id='word_1_8' title='bbox 772 234 898 267; x_wconf 76' lang='lat' dir='ltr'>XXVI.</span> <span class='ocrx_word' id='word_1_9' title='bbox 933 235 1025 269; x_wconf 85' lang='lat' dir='ltr'>CAP.</span> <span class='ocrx_word' id='word_1_10' title='bbox 1045 237 1075 270; x_wconf 89' lang='lat'>6.</span> 
     </span>
    </p>
   </div>
   <div class='ocr_carea' id='block_1_5' title="bbox 1469 239 1549 278">
    <p class='ocr_par' dir='ltr' id='par_1_5' title="bbox 1469 239 1549 278">
     <span class='ocr_line' id='line_1_5' title="bbox 1469 239 1549 278; baseline 0 0"><span class='ocrx_word' id='word_1_11' title='bbox 1469 239 1549 278; x_wconf 81' lang='lat'>215</span> 
     </span>
    </p>
   </div>
   <div class='ocr_carea' id='block_1_6' title="bbox 154 338 1595 392">
    <p class='ocr_par' dir='ltr' id='par_1_6' title="bbox 154 338 1595 392">
     <span class='ocr_line' id='line_1_6' title="bbox 154 338 1595 392; baseline 0.002 -15"><span class='ocrx_word' id='word_1_12' title='bbox 154 339 299 378; x_wconf 84' lang='lat' dir='ltr'>caedes.</span> <span class='ocrx_word' id='word_1_13' title='bbox 346 338 459 377; x_wconf 84' lang='lat' dir='ltr'>altera</span> <span class='ocrx_word' id='word_1_14' title='bbox 493 338 531 377; x_wconf 91' lang='lat' dir='ltr'>in</span> <span class='ocrx_word' id='word_1_15' title='bbox 567 343 675 389; x_wconf 87' lang='lat' dir='ltr'>parte</span> <span class='ocrx_word' id='word_1_16' title='bbox 708 342 924 377; x_wconf 85' lang='lat' dir='ltr'>castrorum</span> <span class='ocrx_word' id='word_1_17' title='bbox 958 338 1033 376; x_wconf 89' lang='lat' dir='ltr'>iam</span> <span class='ocrx_word' id='word_1_18' title='bbox 1062 339 1203 390; x_wconf 84' lang='lat' dir='ltr'>inpulsi</span> <span class='ocrx_word' id='word_1_19' title='bbox 1231 344 1339 379; x_wconf 88' lang='lat' dir='ltr'>erant</span> <span class='ocrx_word' id='word_1_20' title='bbox 1364 340 1548 392; x_wconf 88' lang='lat' dir='ltr'>Campani</span> <span class='ocrx_word' id='word_1_21' title='bbox 1576 353 1595 386; x_wconf 89' lang='lat'>3</span> 
     </span>
    </p>
   </div>
   <div class='ocr_carea' id='block_1_7' title="bbox 150 393 1555 1581">
    <p class='ocr_par' dir='ltr' id='par_1_7' title="bbox 150 393 1555 1581">
     <span class='ocr_line' id='line_1_7' title="bbox 152 393 1548 448; baseline 0.003 -15"><span class='ocrx_word' id='word_1_22' title='bbox 152 396 419 445; x_wconf 81' lang='lat' dir='ltr'>Punicumque</span> <span class='ocrx_word' id='word_1_23' title='bbox 440 395 688 446; x_wconf 81' lang='lat' dir='ltr'>praesidium,</span> <span class='ocrx_word' id='word_1_24' title='bbox 710 400 745 433; x_wconf 87' lang='lat' dir='ltr'>et</span> <span class='ocrx_word' id='word_1_25' title='bbox 767 393 838 432; x_wconf 86' lang='lat' dir='ltr'>sub</span> <span class='ocrx_word' id='word_1_26' title='bbox 860 393 941 444; x_wconf 85' lang='lat' dir='ltr'>ipsa</span> <span class='ocrx_word' id='word_1_27' title='bbox 963 400 1074 445; x_wconf 88' lang='lat' dir='ltr'>porta</span> <span class='ocrx_word' id='word_1_28' title='bbox 1096 397 1255 447; x_wconf 79' lang='lat' dir='ltr'>Capuae,</span> <span class='ocrx_word' id='word_1_29' title='bbox 1279 410 1374 448; x_wconf 87' lang='lat' dir='ltr'>quae</span> <span class='ocrx_word' id='word_1_30' title='bbox 1394 398 1548 437; x_wconf 85' lang='lat' dir='ltr'>Vultur-</span> 
     </span>
     <span class='ocr_line' id='line_1_8' title="bbox 154 451 1549 504; baseline 0.003 -14"><span class='ocrx_word' id='word_1_31' title='bbox 154 465 246 491; x_wconf 89' lang='lat' dir='ltr'>num</span> <span class='ocrx_word' id='word_1_32' title='bbox 267 452 352 498; x_wconf 83' lang='lat' dir='ltr'>fert,</span> <span class='ocrx_word' id='word_1_33' title='bbox 371 452 630 502; x_wconf 77' lang='lat' dir='ltr'>pugnabatur3</span> <span class='ocrx_word' id='word_1_34' title='bbox 652 463 774 502; x_wconf 83' lang='lat' dir='ltr'>neque</span> <span class='ocrx_word' id='word_1_35' title='bbox 792 456 867 489; x_wconf 91' lang='lat' dir='ltr'>tam</span> <span class='ocrx_word' id='word_1_36' title='bbox 886 451 1020 489; x_wconf 84' lang='lat' dir='ltr'>armati</span> <span class='ocrx_word' id='word_1_37' title='bbox 1037 452 1345 504; x_wconf 80' lang='lat' dir='ltr'>inrumpentibus</span> <span class='ocrx_word' id='word_1_38' title='bbox 1363 454 1549 494; x_wconf 88' lang='lat' dir='ltr'>Romanis</span> 
     </span>
     <span class='ocr_line' id='line_1_9' title="bbox 154 507 1551 561; baseline 0.003 -15"><span class='ocrx_word' id='word_1_39' title='bbox 154 508 394 554; x_wconf 69' lang='lat' dir='ltr'>resistebant,</span> <span class='ocrx_word' id='word_1_40' title='bbox 418 522 532 559; x_wconf 88' lang='lat' dir='ltr'>quam</span> <span class='ocrx_word' id='word_1_41' title='bbox 557 510 657 559; x_wconf 83' lang='lat' dir='ltr'>[quo]</span> <span class='ocrx_word' id='word_1_42' title='bbox 682 512 793 559; x_wconf 88' lang='lat' dir='ltr'>porta</span> <span class='ocrx_word' id='word_1_43' title='bbox 813 507 974 545; x_wconf 89' lang='lat' dir='ltr'>ballistis</span> <span class='ocrx_word' id='word_1_44' title='bbox 997 509 1344 561; x_wconf 77' lang='lat' dir='ltr'>scorpionibusque</span> <span class='ocrx_word' id='word_1_45' title='bbox 1363 511 1551 550; x_wconf 86' lang='lat' dir='ltr'>instructa</span> 
     </span>
     <span class='ocr_line' id='line_1_10' title="bbox 154 564 1549 616; baseline 0.002 -12"><span class='ocrx_word' id='word_1_46' title='bbox 154 565 366 604; x_wconf 88' lang='lat' dir='ltr'>missilibus</span> <span class='ocrx_word' id='word_1_47' title='bbox 393 565 527 616; x_wconf 87' lang='lat' dir='ltr'>procul</span> <span class='ocrx_word' id='word_1_48' title='bbox 554 565 676 603; x_wconf 87' lang='lat' dir='ltr'>hostis</span> <span class='ocrx_word' id='word_1_49' title='bbox 699 564 861 603; x_wconf 87' lang='lat' dir='ltr'>arcebat.</span> <span class='ocrx_word' id='word_1_50' title='bbox 904 569 940 602; x_wconf 86' lang='lat' dir='ltr'>et</span> <span class='ocrx_word' id='word_1_51' title='bbox 961 565 1179 615; x_wconf 77' lang='lat' dir='ltr'>suppressit</span> <span class='ocrx_word' id='word_1_52' title='bbox 1198 566 1382 616; x_wconf 88' lang='lat' dir='ltr'>impetum</span> <span class='ocrx_word' id='word_1_53' title='bbox 1404 567 1549 607; x_wconf 89' lang='lat' dir='ltr'>Roma-</span> 
     </span>
     <span class='ocr_line' id='line_1_11' title="bbox 154 620 1550 674; baseline 0.002 -14"><span class='ocrx_word' id='word_1_54' title='bbox 154 634 296 661; x_wconf 88' lang='lat' dir='ltr'>norum</span> <span class='ocrx_word' id='word_1_55' title='bbox 320 622 455 660; x_wconf 89' lang='lat' dir='ltr'>vulnus</span> <span class='ocrx_word' id='word_1_56' title='bbox 479 621 727 672; x_wconf 87' lang='lat' dir='ltr'>imperatoris</span> <span class='ocrx_word' id='word_1_57' title='bbox 749 620 848 671; x_wconf 83' lang='lat' dir='ltr'>Appi</span> <span class='ocrx_word' id='word_1_58' title='bbox 871 620 1019 668; x_wconf 81' lang='lat' dir='ltr'>Claudi,</span> <span class='ocrx_word' id='word_1_59' title='bbox 1047 621 1107 659; x_wconf 91' lang='lat' dir='ltr'>cui</span> <span class='ocrx_word' id='word_1_60' title='bbox 1128 634 1221 660; x_wconf 91' lang='lat' dir='ltr'>suos</span> <span class='ocrx_word' id='word_1_61' title='bbox 1244 628 1330 662; x_wconf 88' lang='lat' dir='ltr'>ante</span> <span class='ocrx_word' id='word_1_62' title='bbox 1350 624 1472 674; x_wconf 90' lang='lat' dir='ltr'>prima</span> <span class='ocrx_word' id='word_1_63' title='bbox 1496 625 1550 663; x_wconf 92' lang='lat' dir='ltr'>si-</span> 
     </span>
     <span class='ocr_line' id='line_1_12' title="bbox 155 677 1550 730; baseline 0.002 -13"><span class='ocrx_word' id='word_1_64' title='bbox 155 691 227 729; x_wconf 87' lang='lat' dir='ltr'>gna</span> <span class='ocrx_word' id='word_1_65' title='bbox 261 678 481 718; x_wconf 78' lang='lat' dir='ltr'>adhortanti</span> <span class='ocrx_word' id='word_1_66' title='bbox 513 677 584 716; x_wconf 89' lang='lat' dir='ltr'>sub</span> <span class='ocrx_word' id='word_1_67' title='bbox 613 678 718 716; x_wconf 76' lang='lat' dir='ltr'>laevo</span> <span class='ocrx_word' id='word_1_68' title='bbox 746 689 881 716; x_wconf 82' lang='lat' dir='ltr'>umero</span> <span class='ocrx_word' id='word_1_69' title='bbox 911 689 1106 716; x_wconf 86' lang='lat' dir='ltr'>summum</span> <span class='ocrx_word' id='word_1_70' title='bbox 1135 684 1270 728; x_wconf 89' lang='lat' dir='ltr'>pectus</span> <span class='ocrx_word' id='word_1_71' title='bbox 1298 692 1409 730; x_wconf 82' lang='lat' dir='ltr'>gaeso</span> <span class='ocrx_word' id='word_1_72' title='bbox 1432 681 1550 720; x_wconf 89' lang='lat' dir='ltr'>ictum</span> 
     </span>
     <span class='ocr_line' id='line_1_13' title="bbox 155 735 1551 785; baseline 0.002 -12"><span class='ocrx_word' id='word_1_73' title='bbox 155 740 223 774; x_wconf 87' lang='lat' dir='ltr'>est.</span> <span class='ocrx_word' id='word_1_74' title='bbox 265 747 400 785; x_wconf 85' lang='lat' dir='ltr'>magna</span> <span class='ocrx_word' id='word_1_75' title='bbox 422 735 478 773; x_wconf 91' lang='lat' dir='ltr'>vis</span> <span class='ocrx_word' id='word_1_76' title='bbox 498 740 628 773; x_wconf 83' lang='lat' dir='ltr'>tamen</span> <span class='ocrx_word' id='word_1_77' title='bbox 649 735 822 773; x_wconf 88' lang='lat' dir='ltr'>hostium</span> <span class='ocrx_word' id='word_1_78' title='bbox 843 738 930 772; x_wconf 85' lang='lat' dir='ltr'>ante</span> <span class='ocrx_word' id='word_1_79' title='bbox 952 739 1101 785; x_wconf 86' lang='lat' dir='ltr'>portam</span> <span class='ocrx_word' id='word_1_80' title='bbox 1124 739 1182 774; x_wconf 89' lang='lat' dir='ltr'>est</span> <span class='ocrx_word' id='word_1_81' title='bbox 1202 747 1321 782; x_wconf 87' lang='lat' dir='ltr'>caesa,</span> <span class='ocrx_word' id='word_1_82' title='bbox 1344 737 1458 776; x_wconf 85' lang='lat' dir='ltr'>ceteri</span> <span class='ocrx_word' id='word_1_83' title='bbox 1473 744 1551 776; x_wconf 87' lang='lat' dir='ltr'>tre-</span> 
     </span>
     <span class='ocr_line' id='line_1_14' title="bbox 153 791 1551 844; baseline 0.002 -15"><span class='ocrx_word' id='word_1_84' title='bbox 153 791 231 842; x_wconf 86' lang='lat' dir='ltr'>pidi</span> <span class='ocrx_word' id='word_1_85' title='bbox 252 791 291 829; x_wconf 92' lang='lat' dir='ltr'>in</span> <span class='ocrx_word' id='word_1_86' title='bbox 313 791 447 830; x_wconf 86' lang='lat' dir='ltr'>urbem</span> <span class='ocrx_word' id='word_1_87' title='bbox 471 791 658 842; x_wconf 87' lang='lat' dir='ltr'>conpulsi.</span> <span class='ocrx_word' id='word_1_88' title='bbox 698 797 735 830; x_wconf 88' lang='lat' dir='ltr'>et</span> <span class='ocrx_word' id='word_1_89' title='bbox 754 791 963 837; x_wconf 78' lang='lat' dir='ltr'>Hannibal,</span> <span class='ocrx_word' id='word_1_90' title='bbox 990 796 1197 842; x_wconf 80' lang='lat' dir='ltr'>postquam</span> <span class='ocrx_word' id='word_1_91' title='bbox 1221 792 1391 831; x_wconf 79' lang='lat' dir='ltr'>cohortis</span> <span class='ocrx_word' id='word_1_92' title='bbox 1414 793 1551 844; x_wconf 87' lang='lat' dir='ltr'>Hispa-</span> 
     </span>
     <span class='ocr_line' id='line_1_15' title="bbox 151 847 1552 898; baseline 0.001 -12"><span class='ocrx_word' id='word_1_93' title='bbox 151 860 293 887; x_wconf 88' lang='lat' dir='ltr'>norum</span> <span class='ocrx_word' id='word_1_94' title='bbox 315 853 481 898; x_wconf 88' lang='lat' dir='ltr'>stragem</span> <span class='ocrx_word' id='word_1_95' title='bbox 503 848 596 887; x_wconf 85' lang='lat' dir='ltr'>vidit</span> <span class='ocrx_word' id='word_1_96' title='bbox 616 860 845 898; x_wconf 86' lang='lat' dir='ltr'>summaque</span> <span class='ocrx_word' id='word_1_97' title='bbox 861 848 894 885; x_wconf 92' lang='lat' dir='ltr'>vi</span> <span class='ocrx_word' id='word_1_98' title='bbox 914 853 1036 886; x_wconf 81' lang='lat' dir='ltr'>castra</span> <span class='ocrx_word' id='word_1_99' title='bbox 1053 847 1226 886; x_wconf 88' lang='lat' dir='ltr'>hostium</span> <span class='ocrx_word' id='word_1_100' title='bbox 1245 849 1408 896; x_wconf 85' lang='lat' dir='ltr'>defendi,</span> <span class='ocrx_word' id='word_1_101' title='bbox 1432 850 1552 888; x_wconf 90' lang='lat' dir='ltr'>omis-</span> 
     </span>
     <span class='ocr_line' id='line_1_16' title="bbox 152 905 1552 957; baseline 0.001 -14"><span class='ocrx_word' id='word_1_102' title='bbox 152 918 193 943; x_wconf 88' lang='lat' dir='ltr'>sa</span> <span class='ocrx_word' id='word_1_103' title='bbox 227 905 516 956; x_wconf 76' lang='lat' dir='ltr'>oppugnatione</span> <span class='ocrx_word' id='word_1_104' title='bbox 553 905 724 956; x_wconf 83' lang='lat' dir='ltr'>recipere</span> <span class='ocrx_word' id='word_1_105' title='bbox 758 905 865 955; x_wconf 88' lang='lat' dir='ltr'>signa</span> <span class='ocrx_word' id='word_1_106' title='bbox 899 909 935 943; x_wconf 89' lang='lat' dir='ltr'>et</span> <span class='ocrx_word' id='word_1_107' title='bbox 966 910 1189 943; x_wconf 84' lang='lat' dir='ltr'>convertere</span> <span class='ocrx_word' id='word_1_108' title='bbox 1216 918 1353 956; x_wconf 82' lang='lat' dir='ltr'>agmen</span> <span class='ocrx_word' id='word_1_109' title='bbox 1379 906 1552 957; x_wconf 85' lang='lat' dir='ltr'>peditum</span> 
     </span>
     <span class='ocr_line' id='line_1_17' title="bbox 152 961 1552 1013; baseline 0.001 -13"><span class='ocrx_word' id='word_1_110' title='bbox 152 962 300 1000; x_wconf 87' lang='lat' dir='ltr'>obiecto</span> <span class='ocrx_word' id='word_1_111' title='bbox 330 961 375 1000; x_wconf 86' lang='lat' dir='ltr'>ab</span> <span class='ocrx_word' id='word_1_112' title='bbox 403 968 510 1012; x_wconf 87' lang='lat' dir='ltr'>tergo</span> <span class='ocrx_word' id='word_1_113' title='bbox 541 963 730 1013; x_wconf 80' lang='lat' dir='ltr'>equitatu,</span> <span class='ocrx_word' id='word_1_114' title='bbox 758 973 806 1000; x_wconf 89' lang='lat' dir='ltr'>ne</span> <span class='ocrx_word' id='word_1_115' title='bbox 826 961 951 999; x_wconf 84' lang='lat' dir='ltr'>hostis</span> <span class='ocrx_word' id='word_1_116' title='bbox 974 961 1151 1008; x_wconf 79' lang='lat' dir='ltr'>instaret,</span> <span class='ocrx_word' id='word_1_117' title='bbox 1179 962 1317 1013; x_wconf 85' lang='lat' dir='ltr'>coepit.</span> <span class='ocrx_word' id='word_1_118' title='bbox 1358 962 1552 1013; x_wconf 86' lang='lat' dir='ltr'>legionum</span> 
     </span>
     <span class='ocr_line' id='line_1_18' title="bbox 151 1018 1554 1070; baseline 0.002 -14"><span class='ocrx_word' id='word_1_119' title='bbox 151 1018 267 1057; x_wconf 86' lang='lat' dir='ltr'>ardor</span> <span class='ocrx_word' id='word_1_120' title='bbox 288 1018 422 1068; x_wconf 90' lang='lat' dir='ltr'>ingens</span> <span class='ocrx_word' id='word_1_121' title='bbox 444 1019 489 1058; x_wconf 91' lang='lat' dir='ltr'>ad</span> <span class='ocrx_word' id='word_1_122' title='bbox 512 1019 665 1057; x_wconf 89' lang='lat' dir='ltr'>hostem</span> <span class='ocrx_word' id='word_1_123' title='bbox 688 1018 968 1069; x_wconf 86' lang='lat' dir='ltr'>insequendum</span> <span class='ocrx_word' id='word_1_124' title='bbox 990 1018 1079 1064; x_wconf 67' lang='lat' dir='ltr'>fuit,</span> <span class='ocrx_word' id='word_1_125' title='bbox 1100 1018 1258 1057; x_wconf 81' lang='lat' dir='ltr'>Flaccus</span> <span class='ocrx_word' id='word_1_126' title='bbox 1280 1020 1449 1070; x_wconf 89' lang='lat' dir='ltr'>receptui</span> <span class='ocrx_word' id='word_1_127' title='bbox 1471 1020 1554 1059; x_wconf 86' lang='lat' dir='ltr'>cani</span> 
     </span>
     <span class='ocr_line' id='line_1_19' title="bbox 152 1074 1553 1128; baseline 0.001 -15"><span class='ocrx_word' id='word_1_128' title='bbox 152 1075 280 1117; x_wconf 81' lang='lat' dir='ltr'>iussit,</span> <span class='ocrx_word' id='word_1_129' title='bbox 305 1075 396 1113; x_wconf 87' lang='lat' dir='ltr'>satis</span> <span class='ocrx_word' id='word_1_130' title='bbox 418 1076 462 1113; x_wconf 87' lang='lat' dir='ltr'>ad</span> <span class='ocrx_word' id='word_1_131' title='bbox 488 1082 692 1126; x_wconf 83' lang='lat' dir='ltr'>utrumque</span> <span class='ocrx_word' id='word_1_132' title='bbox 713 1076 930 1126; x_wconf 87' lang='lat' dir='ltr'>profectum</span> <span class='ocrx_word' id='word_1_133' title='bbox 952 1079 1076 1121; x_wconf 79' lang='lat' dir='ltr'>ratus,</span> <span class='ocrx_word' id='word_1_134' title='bbox 1097 1079 1139 1113; x_wconf 88' lang='lat' dir='ltr'>ut</span> <span class='ocrx_word' id='word_1_135' title='bbox 1161 1080 1198 1113; x_wconf 89' lang='lat' dir='ltr'>et</span> <span class='ocrx_word' id='word_1_136' title='bbox 1218 1074 1415 1126; x_wconf 89' lang='lat' dir='ltr'>Campani,</span> <span class='ocrx_word' id='word_1_137' title='bbox 1438 1089 1553 1128; x_wconf 87' lang='lat' dir='ltr'>quam</span> 
     </span>
     <span class='ocr_line' id='line_1_20' title="bbox 152 1131 1553 1183; baseline 0.001 -13"><span class='ocrx_word' id='word_1_138' title='bbox 152 1132 251 1170; x_wconf 87' lang='lat' dir='ltr'>haud</span> <span class='ocrx_word' id='word_1_139' title='bbox 274 1132 440 1170; x_wconf 84' lang='lat' dir='ltr'>multum</span> <span class='ocrx_word' id='word_1_140' title='bbox 457 1132 496 1170; x_wconf 89' lang='lat' dir='ltr'>in</span> <span class='ocrx_word' id='word_1_141' title='bbox 512 1132 722 1171; x_wconf 84' lang='lat' dir='ltr'>Hannibale</span> <span class='ocrx_word' id='word_1_142' title='bbox 738 1131 917 1183; x_wconf 88' lang='lat' dir='ltr'>praesidii</span> <span class='ocrx_word' id='word_1_143' title='bbox 935 1136 1047 1177; x_wconf 88' lang='lat' dir='ltr'>esset,</span> <span class='ocrx_word' id='word_1_144' title='bbox 1071 1136 1108 1170; x_wconf 92' lang='lat' dir='ltr'>et</span> <span class='ocrx_word' id='word_1_145' title='bbox 1123 1131 1208 1182; x_wconf 89' lang='lat' dir='ltr'>ipse</span> <span class='ocrx_word' id='word_1_146' title='bbox 1224 1131 1414 1172; x_wconf 87' lang='lat' dir='ltr'>Hannibal</span> <span class='ocrx_word' id='word_1_147' title='bbox 1432 1133 1553 1172; x_wconf 91' lang='lat' dir='ltr'>senti-</span> 
     </span>
     <span class='ocr_line' id='line_1_21' title="bbox 151 1189 1552 1240; baseline 0.001 -13"><span class='ocrx_word' id='word_1_148' title='bbox 151 1194 218 1227; x_wconf 87' lang='lat' dir='ltr'>ret.</span> <span class='ocrx_word' id='word_1_149' title='bbox 261 1201 367 1227; x_wconf 88' lang='lat' dir='ltr'>caesa</span> <span class='ocrx_word' id='word_1_150' title='bbox 390 1202 434 1227; x_wconf 83' lang='lat' dir='ltr'>eo</span> <span class='ocrx_word' id='word_1_151' title='bbox 458 1189 516 1227; x_wconf 89' lang='lat' dir='ltr'>die</span> <span class='ocrx_word' id='word_1_152' title='bbox 539 1189 601 1240; x_wconf 93' lang='lat' dir='ltr'>qui</span> <span class='ocrx_word' id='word_1_153' title='bbox 623 1189 738 1227; x_wconf 89' lang='lat' dir='ltr'>huius</span> <span class='ocrx_word' id='word_1_154' title='bbox 761 1200 912 1239; x_wconf 81' lang='lat' dir='ltr'>pugnae</span> <span class='ocrx_word' id='word_1_155' title='bbox 933 1193 1111 1226; x_wconf 86' lang='lat' dir='ltr'>auctores</span> <span class='ocrx_word' id='word_1_156' title='bbox 1134 1193 1226 1227; x_wconf 88' lang='lat' dir='ltr'>sunt</span> <span class='ocrx_word' id='word_1_157' title='bbox 1247 1194 1334 1228; x_wconf 89' lang='lat' dir='ltr'>octo</span> <span class='ocrx_word' id='word_1_158' title='bbox 1356 1189 1552 1229; x_wconf 78' lang='lat' dir='ltr'>miliaho—</span> 
     </span>
     <span class='ocr_line' id='line_1_22' title="bbox 150 1245 1554 1298; baseline 0.001 -15"><span class='ocrx_word' id='word_1_159' title='bbox 150 1246 298 1283; x_wconf 89' lang='lat' dir='ltr'>minum</span> <span class='ocrx_word' id='word_1_160' title='bbox 321 1246 366 1283; x_wconf 86' lang='lat' dir='ltr'>de</span> <span class='ocrx_word' id='word_1_161' title='bbox 383 1245 607 1295; x_wconf 77' lang='lat' dir='ltr'>Hannibalis</span> <span class='ocrx_word' id='word_1_162' title='bbox 625 1245 792 1284; x_wconf 85' lang='lat' dir='ltr'>exercitu</span> <span class='ocrx_word' id='word_1_163' title='bbox 807 1245 878 1283; x_wconf 89' lang='lat' dir='ltr'>tria</span> <span class='ocrx_word' id='word_1_164' title='bbox 900 1257 945 1282; x_wconf 80' lang='lat' dir='ltr'>ex</span> <span class='ocrx_word' id='word_1_165' title='bbox 962 1245 1168 1295; x_wconf 86' lang='lat' dir='ltr'>Campanis</span> <span class='ocrx_word' id='word_1_166' title='bbox 1192 1246 1349 1285; x_wconf 84' lang='lat' dir='ltr'>tradunt</span> <span class='ocrx_word' id='word_1_167' title='bbox 1370 1247 1554 1298; x_wconf 88' lang='lat' dir='ltr'>signaque</span> 
     </span>
     <span class='ocr_line' id='line_1_23' title="bbox 151 1301 1553 1355; baseline 0.001 -14"><span class='ocrx_word' id='word_1_168' title='bbox 151 1301 531 1351; x_wconf 79' lang='lat' dir='ltr'>Carthaginiensibus</span> <span class='ocrx_word' id='word_1_169' title='bbox 566 1302 782 1353; x_wconf 87' lang='lat' dir='ltr'>quindecim</span> <span class='ocrx_word' id='word_1_170' title='bbox 816 1302 1012 1352; x_wconf 89' lang='lat' dir='ltr'>adempta,</span> <span class='ocrx_word' id='word_1_171' title='bbox 1046 1302 1307 1353; x_wconf 87' lang='lat' dir='ltr'>duodeviginti</span> <span class='ocrx_word' id='word_1_172' title='bbox 1335 1303 1553 1355; x_wconf 88' lang='lat' dir='ltr'>Campanis.</span> 
     </span>
     <span class='ocr_line' id='line_1_24' title="bbox 151 1358 1553 1412; baseline 0.001 -15"><span class='ocrx_word' id='word_1_173' title='bbox 151 1358 252 1410; x_wconf 88' lang='lat' dir='ltr'>apud</span> <span class='ocrx_word' id='word_1_174' title='bbox 290 1359 384 1397; x_wconf 88' lang='lat' dir='ltr'>alios</span> <span class='ocrx_word' id='word_1_175' title='bbox 416 1371 658 1410; x_wconf 83' lang='lat' dir='ltr'>nequaquam</span> <span class='ocrx_word' id='word_1_176' title='bbox 691 1364 836 1397; x_wconf 83' lang='lat' dir='ltr'>tantam</span> <span class='ocrx_word' id='word_1_177' title='bbox 870 1359 1011 1396; x_wconf 87' lang='lat' dir='ltr'>molem</span> <span class='ocrx_word' id='word_1_178' title='bbox 1046 1370 1197 1409; x_wconf 88' lang='lat' dir='ltr'>pugnae</span> <span class='ocrx_word' id='word_1_179' title='bbox 1230 1359 1356 1398; x_wconf 90' lang='lat' dir='ltr'>inveni</span> <span class='ocrx_word' id='word_1_180' title='bbox 1390 1361 1553 1412; x_wconf 89' lang='lat' dir='ltr'>plusque</span> 
     </span>
     <span class='ocr_line' id='line_1_25' title="bbox 152 1415 1553 1467; baseline 0.001 -14"><span class='ocrx_word' id='word_1_181' title='bbox 152 1415 305 1466; x_wconf 89' lang='lat' dir='ltr'>pavoris</span> <span class='ocrx_word' id='word_1_182' title='bbox 328 1417 444 1466; x_wconf 83' lang='lat' dir='ltr'>quam</span> <span class='ocrx_word' id='word_1_183' title='bbox 467 1415 684 1455; x_wconf 86' lang='lat' dir='ltr'>certaminis</span> <span class='ocrx_word' id='word_1_184' title='bbox 706 1416 845 1462; x_wconf 88' lang='lat' dir='ltr'>fuisse,</span> <span class='ocrx_word' id='word_1_185' title='bbox 873 1427 959 1454; x_wconf 88' lang='lat' dir='ltr'>cum</span> <span class='ocrx_word' id='word_1_186' title='bbox 982 1415 1181 1467; x_wconf 87' lang='lat' dir='ltr'>inopinato</span> <span class='ocrx_word' id='word_1_187' title='bbox 1204 1416 1241 1454; x_wconf 91' lang='lat' dir='ltr'>in</span> <span class='ocrx_word' id='word_1_188' title='bbox 1264 1422 1387 1456; x_wconf 88' lang='lat' dir='ltr'>castra</span> <span class='ocrx_word' id='word_1_189' title='bbox 1407 1417 1553 1456; x_wconf 88' lang='lat' dir='ltr'>Roma-</span> 
     </span>
     <span class='ocr_line' id='line_1_26' title="bbox 150 1472 1552 1525; baseline 0.001 -15"><span class='ocrx_word' id='word_1_190' title='bbox 150 1484 199 1510; x_wconf 89' lang='lat' dir='ltr'>na</span> <span class='ocrx_word' id='word_1_191' title='bbox 226 1472 412 1510; x_wconf 87' lang='lat' dir='ltr'>Numidae</span> <span class='ocrx_word' id='word_1_192' title='bbox 439 1472 674 1524; x_wconf 86' lang='lat' dir='ltr'>Hispanique</span> <span class='ocrx_word' id='word_1_193' title='bbox 706 1485 794 1512; x_wconf 91' lang='lat' dir='ltr'>cum</span> <span class='ocrx_word' id='word_1_194' title='bbox 827 1472 1038 1523; x_wconf 86' lang='lat' dir='ltr'>elephantis</span> <span class='ocrx_word' id='word_1_195' title='bbox 1071 1472 1327 1524; x_wconf 83' lang='lat' dir='ltr'>inrupissent,</span> <span class='ocrx_word' id='word_1_196' title='bbox 1362 1473 1552 1525; x_wconf 86' lang='lat' dir='ltr'>elephanti</span> 
     </span>
     <span class='ocr_line' id='line_1_27' title="bbox 151 1528 1555 1581; baseline 0.002 -15"><span class='ocrx_word' id='word_1_197' title='bbox 151 1541 220 1580; x_wconf 84' lang='lat' dir='ltr'>per</span> <span class='ocrx_word' id='word_1_198' title='bbox 240 1529 362 1568; x_wconf 85' lang='lat' dir='ltr'>media</span> <span class='ocrx_word' id='word_1_199' title='bbox 384 1534 506 1568; x_wconf 88' lang='lat' dir='ltr'>castra</span> <span class='ocrx_word' id='word_1_200' title='bbox 528 1530 707 1568; x_wconf 88' lang='lat' dir='ltr'>vadentes</span> <span class='ocrx_word' id='word_1_201' title='bbox 729 1534 896 1581; x_wconf 86' lang='lat' dir='ltr'>stragem</span> <span class='ocrx_word' id='word_1_202' title='bbox 918 1528 1255 1569; x_wconf 86' lang='lat' dir='ltr'>tabernaculorum</span> <span class='ocrx_word' id='word_1_203' title='bbox 1278 1530 1422 1581; x_wconf 83' lang='lat' dir='ltr'>ingenti</span> <span class='ocrx_word' id='word_1_204' title='bbox 1446 1531 1555 1570; x_wconf 90' lang='lat' dir='ltr'>soni-</span> 
     </span>
    </p>
   </div>
   <div class='ocr_carea' id='block_1_8' title="bbox 154 1630 823 2708">
    <p class='ocr_par' dir='ltr' id='par_1_8' title="bbox 155 1630 676 1663">
     <span class='ocr_line' id='line_1_28' title="bbox 155 1630 676 1663; baseline 0.004 -2"><span class='ocrx_word' id='word_1_205' title='bbox 155 1630 276 1662; x_wconf 85' lang='lat' dir='ltr'>diesem</span> <span class='ocrx_word' id='word_1_206' title='bbox 296 1630 460 1662; x_wconf 79' lang='lat' dir='ltr'>Momente</span> <span class='ocrx_word' id='word_1_207' title='bbox 479 1642 520 1662; x_wconf 88' lang='lat' dir='ltr'>zu</span> <span class='ocrx_word' id='word_1_208' title='bbox 537 1631 676 1663; x_wconf 83' lang='lat' dir='ltr'>denken.</span> 
     </span>
    </p>

    <p class='ocr_par' dir='ltr' id='par_1_9' title="bbox 154 1675 823 2532">
     <span class='ocr_line' id='line_1_29' title="bbox 198 1675 817 1719; baseline 0.002 -13"><span class='ocrx_word' id='word_1_209' title='bbox 198 1675 296 1708; x_wconf 84' lang='lat'>3-5.</span> <span class='ocrx_word' id='word_1_210' title='bbox 320 1676 454 1719; x_wconf 76' lang='lat' dir='ltr'>inpulsi,</span> <span class='ocrx_word' id='word_1_211' title='bbox 474 1676 526 1717; x_wconf 88' lang='lat'>33,</span> <span class='ocrx_word' id='word_1_212' title='bbox 545 1677 594 1717; x_wconf 91' lang='lat'>15,</span> <span class='ocrx_word' id='word_1_213' title='bbox 613 1677 663 1717; x_wconf 88' lang='lat'>11,</span> <span class='ocrx_word' id='word_1_214' title='bbox 683 1677 730 1708; x_wconf 91' lang='lat' dir='ltr'>sie</span> <span class='ocrx_word' id='word_1_215' title='bbox 747 1686 817 1708; x_wconf 88' lang='lat' dir='ltr'>wa—</span> 
     </span>
     <span class='ocr_line' id='line_1_30' title="bbox 155 1722 817 1762; baseline 0 -9"><span class='ocrx_word' id='word_1_216' title='bbox 155 1732 213 1753; x_wconf 81' lang='lat' dir='ltr'>ren</span> <span class='ocrx_word' id='word_1_217' title='bbox 231 1732 294 1752; x_wconf 89' lang='lat' dir='ltr'>von</span> <span class='ocrx_word' id='word_1_218' title='bbox 313 1723 385 1753; x_wconf 86' lang='lat' dir='ltr'>dem</span> <span class='ocrx_word' id='word_1_219' title='bbox 404 1722 531 1754; x_wconf 83' lang='lat' dir='ltr'>Punkte</span> <span class='ocrx_word' id='word_1_220' title='bbox 556 1723 749 1762; x_wconf 78' lang='lat' dir='ltr'>verdr&#39;dngt,</span> <span class='ocrx_word' id='word_1_221' title='bbox 769 1722 817 1753; x_wconf 91' lang='lat' dir='ltr'>bis</span> 
     </span>
     <span class='ocr_line' id='line_1_31' title="bbox 155 1767 817 1806; baseline 0.002 -9"><span class='ocrx_word' id='word_1_222' title='bbox 155 1777 194 1797; x_wconf 91' lang='lat' dir='ltr'>zu</span> <span class='ocrx_word' id='word_1_223' title='bbox 225 1767 296 1798; x_wconf 83' lang='lat' dir='ltr'>dem</span> <span class='ocrx_word' id='word_1_224' title='bbox 326 1768 373 1798; x_wconf 85' lang='lat' dir='ltr'>sie</span> <span class='ocrx_word' id='word_1_225' title='bbox 396 1768 601 1806; x_wconf 71' lang='lat' dir='ltr'>vorgeriickt</span> <span class='ocrx_word' id='word_1_226' title='bbox 624 1777 745 1798; x_wconf 84' lang='lat' dir='ltr'>waren.</span> <span class='ocrx_word' id='word_1_227' title='bbox 773 1786 817 1789; x_wconf 91' lang='lat'>—</span> 
     </span>
     <span class='ocr_line' id='line_1_32' title="bbox 156 1811 816 1854; baseline -0.002 -10"><span class='ocrx_word' id='word_1_228' title='bbox 156 1811 328 1849; x_wconf 57' lang='lat' dir='ltr'>l&#39;itllm&#39;n„</span> <span class='ocrx_word' id='word_1_229' title='bbox 341 1822 442 1849; x_wconf 87' lang='lat' dir='ltr'>muss,</span> <span class='ocrx_word' id='word_1_230' title='bbox 456 1813 495 1844; x_wconf 87' lang='lat' dir='ltr'>da</span> <span class='ocrx_word' id='word_1_231' title='bbox 509 1813 560 1844; x_wconf 89' lang='lat' dir='ltr'>die</span> <span class='ocrx_word' id='word_1_232' title='bbox 572 1812 707 1854; x_wconf 71' lang='lat' dir='ltr'>Priipos.</span> <span class='ocrx_word' id='word_1_233' title='bbox 724 1811 816 1851; x_wconf 83' lang='lat' dir='ltr'>fehlt,</span> 
     </span>
     <span class='ocr_line' id='line_1_33' title="bbox 155 1856 817 1897; baseline 0.002 -9"><span class='ocrx_word' id='word_1_234' title='bbox 155 1857 206 1888; x_wconf 86' lang='lat' dir='ltr'>die</span> <span class='ocrx_word' id='word_1_235' title='bbox 224 1856 277 1897; x_wconf 80' lang='lat'>25,</span> <span class='ocrx_word' id='word_1_236' title='bbox 302 1858 344 1888; x_wconf 80' lang='lat'>20</span> <span class='ocrx_word' id='word_1_237' title='bbox 369 1858 538 1889; x_wconf 76' lang='lat' dir='ltr'>erwa&#39;hnte</span> <span class='ocrx_word' id='word_1_238' title='bbox 557 1858 654 1889; x_wconf 82' lang='lat' dir='ltr'>Stadt</span> <span class='ocrx_word' id='word_1_239' title='bbox 676 1858 756 1889; x_wconf 89' lang='lat' dir='ltr'>sein.</span> <span class='ocrx_word' id='word_1_240' title='bbox 773 1875 817 1880; x_wconf 85' lang='lat'>——</span> 
     </span>
     <span class='ocr_line' id='line_1_34' title="bbox 155 1903 817 1945; baseline 0 -11"><span class='ocrx_word' id='word_1_241' title='bbox 155 1904 284 1945; x_wconf 56' lang='grc' dir='ltr'>ὡνηρ,</span> <span class='ocrx_word' id='word_1_242' title='bbox 309 1903 359 1934; x_wconf 83' lang='lat' dir='ltr'>als</span> <span class='ocrx_word' id='word_1_243' title='bbox 383 1903 430 1934; x_wconf 89' lang='lat' dir='ltr'>sie</span> <span class='ocrx_word' id='word_1_244' title='bbox 455 1904 554 1934; x_wconf 86' lang='lat' dir='ltr'>sehon</span> <span class='ocrx_word' id='word_1_245' title='bbox 579 1904 679 1934; x_wconf 80' lang='lat' dir='ltr'>daran</span> <span class='ocrx_word' id='word_1_246' title='bbox 706 1913 817 1934; x_wconf 84' lang='lat' dir='ltr'>waren</span> 
     </span>
     <span class='ocr_line' id='line_1_35' title="bbox 155 1946 823 1992; baseline 0.001 -14"><span class='ocrx_word' id='word_1_247' title='bbox 155 1948 408 1979; x_wconf 81' lang='lat' dir='ltr'>einzubrechen.</span> <span class='ocrx_word' id='word_1_248' title='bbox 442 1967 486 1971; x_wconf 92' lang='lat'>—-</span> <span class='ocrx_word' id='word_1_249' title='bbox 522 1952 623 1992; x_wconf 78' lang='lat' dir='ltr'>porta</span> <span class='ocrx_word' id='word_1_250' title='bbox 660 1953 736 1991; x_wconf 62' lang='lat' dir='ltr'>etc„</span> <span class='ocrx_word' id='word_1_251' title='bbox 765 1946 823 1979; x_wconf 79' lang='lat' dir='ltr'>auf</span> 
     </span>
     <span class='ocr_line' id='line_1_36' title="bbox 154 1993 819 2036; baseline 0 -12"><span class='ocrx_word' id='word_1_252' title='bbox 154 1994 225 2024; x_wconf 87' lang='lat' dir='ltr'>dem</span> <span class='ocrx_word' id='word_1_253' title='bbox 243 1993 370 2024; x_wconf 84' lang='lat' dir='ltr'>breiten</span> <span class='ocrx_word' id='word_1_254' title='bbox 384 1993 502 2034; x_wconf 83' lang='lat' dir='ltr'>Thore,</span> <span class='ocrx_word' id='word_1_255' title='bbox 521 2005 546 2025; x_wconf 88' lang='lat' dir='ltr'>s.</span> <span class='ocrx_word' id='word_1_256' title='bbox 563 1994 616 2033; x_wconf 87' lang='lat'>24,</span> <span class='ocrx_word' id='word_1_257' title='bbox 631 1993 683 2036; x_wconf 80' lang='lat'>32,</span> <span class='ocrx_word' id='word_1_258' title='bbox 698 1994 727 2032; x_wconf 87' lang='lat'>4,</span> <span class='ocrx_word' id='word_1_259' title='bbox 747 1994 819 2025; x_wconf 90' lang='lat' dir='ltr'>sind</span> 
     </span>
     <span class='ocr_line' id='line_1_37' title="bbox 155 2038 819 2079; baseline 0 -10"><span class='ocrx_word' id='word_1_260' title='bbox 155 2039 206 2070; x_wconf 85' lang='lat' dir='ltr'>(lie</span> <span class='ocrx_word' id='word_1_261' title='bbox 224 2044 408 2079; x_wconf 79' lang='lat' dir='ltr'>genannten</span> <span class='ocrx_word' id='word_1_262' title='bbox 427 2038 628 2077; x_wconf 84' lang='lat' dir='ltr'>Maschinen,</span> <span class='ocrx_word' id='word_1_263' title='bbox 649 2049 674 2070; x_wconf 95' lang='lat' dir='ltr'>s.</span> <span class='ocrx_word' id='word_1_264' title='bbox 694 2039 746 2079; x_wconf 70' lang='lat'>24,</span> <span class='ocrx_word' id='word_1_265' title='bbox 766 2038 819 2078; x_wconf 87' lang='grc'>40,</span> 
     </span>
     <span class='ocr_line' id='line_1_38' title="bbox 158 2083 817 2124; baseline 0 -9"><span class='ocrx_word' id='word_1_266' title='bbox 158 2084 207 2123; x_wconf 85' lang='grc'>15,</span> <span class='ocrx_word' id='word_1_267' title='bbox 220 2083 433 2124; x_wconf 68' lang='lat' dir='ltr'>aufgestellt,</span> <span class='ocrx_word' id='word_1_268' title='bbox 452 2095 521 2115; x_wconf 87' lang='lat' dir='ltr'>was</span> <span class='ocrx_word' id='word_1_269' title='bbox 539 2095 602 2116; x_wconf 87' lang='lat' dir='ltr'>von</span> <span class='ocrx_word' id='word_1_270' title='bbox 618 2085 732 2115; x_wconf 87' lang='lat' dir='ltr'>diesen</span> <span class='ocrx_word' id='word_1_271' title='bbox 747 2084 817 2124; x_wconf 81' lang='lat' dir='ltr'>gilt,</span> 
     </span>
     <span class='ocr_line' id='line_1_39' title="bbox 157 2129 817 2170; baseline 0.002 -10"><span class='ocrx_word' id='word_1_272' title='bbox 157 2130 200 2161; x_wconf 87' lang='lat' dir='ltr'>ist</span> <span class='ocrx_word' id='word_1_273' title='bbox 224 2130 295 2161; x_wconf 88' lang='lat' dir='ltr'>dem</span> <span class='ocrx_word' id='word_1_274' title='bbox 320 2129 429 2161; x_wconf 82' lang='lat' dir='ltr'>There</span> <span class='ocrx_word' id='word_1_275' title='bbox 453 2130 560 2162; x_wconf 85' lang='lat' dir='ltr'>selbst</span> <span class='ocrx_word' id='word_1_276' title='bbox 581 2130 755 2170; x_wconf 81' lang='lat' dir='ltr'>beigelegt.</span> <span class='ocrx_word' id='word_1_277' title='bbox 775 2148 817 2152; x_wconf 90' lang='lat'>-—</span> 
     </span>
     <span class='ocr_line' id='line_1_40' title="bbox 155 2175 818 2217; baseline 0.002 -11"><span class='ocrx_word' id='word_1_278' title='bbox 155 2175 289 2217; x_wconf 78' lang='lat' dir='ltr'>procul,</span> <span class='ocrx_word' id='word_1_279' title='bbox 319 2175 386 2215; x_wconf 83' lang='lat' dir='ltr'>vgl.</span> <span class='ocrx_word' id='word_1_280' title='bbox 411 2175 464 2216; x_wconf 83' lang='lat'>44,</span> <span class='ocrx_word' id='word_1_281' title='bbox 483 2175 536 2213; x_wconf 86' lang='lat'>35,</span> <span class='ocrx_word' id='word_1_282' title='bbox 557 2175 613 2206; x_wconf 83' lang='lat'>19:</span> <span class='ocrx_word' id='word_1_283' title='bbox 635 2176 818 2207; x_wconf 73' lang='lat' dir='ltr'>missilibus</span> 
     </span>
     <span class='ocr_line' id='line_1_41' title="bbox 155 2219 820 2263; baseline 0.002 -12"><span class='ocrx_word' id='word_1_284' title='bbox 155 2219 546 2263; x_wconf 69' lang='lat' dir='ltr'>procul—pugnabant,</span> <span class='ocrx_word' id='word_1_285' title='bbox 564 2231 593 2252; x_wconf 88' lang='lat' dir='ltr'>a.</span> <span class='ocrx_word' id='word_1_286' title='bbox 614 2232 644 2254; x_wconf 91' lang='lat' dir='ltr'>u.</span> <span class='ocrx_word' id='word_1_287' title='bbox 664 2221 712 2252; x_wconf 87' lang='lat' dir='ltr'>St.</span> <span class='ocrx_word' id='word_1_288' title='bbox 732 2221 820 2252; x_wconf 81' lang='lat' dir='ltr'>nicht</span> 
     </span>
     <span class='ocr_line' id='line_1_42' title="bbox 159 2265 817 2309; baseline 0.003 -14"><span class='ocrx_word' id='word_1_289' title='bbox 159 2275 280 2305; x_wconf 80' lang='lat' dir='ltr'>genau,</span> <span class='ocrx_word' id='word_1_290' title='bbox 305 2265 344 2296; x_wconf 87' lang='lat' dir='ltr'>da</span> <span class='ocrx_word' id='word_1_291' title='bbox 370 2267 430 2297; x_wconf 77' lang='lat' dir='ltr'>sub</span> <span class='ocrx_word' id='word_1_292' title='bbox 448 2268 523 2309; x_wconf 73' lang='lat' dir='ltr'>ipsa</span> <span class='ocrx_word' id='word_1_293' title='bbox 546 2267 756 2307; x_wconf 79' lang='lat' dir='ltr'>vorhergeht.</span> <span class='ocrx_word' id='word_1_294' title='bbox 784 2285 817 2288; x_wconf 60' lang='lat'>—</span> 
     </span>
     <span class='ocr_line' id='line_1_43' title="bbox 159 2310 818 2353; baseline 0.003 -12"><span class='ocrx_word' id='word_1_295' title='bbox 159 2313 191 2341; x_wconf 75' lang='lat' dir='ltr'>et</span> <span class='ocrx_word' id='word_1_296' title='bbox 202 2310 567 2353; x_wconf 81' lang='lat' dir='ltr'>supp7·.,iiberdies,ein</span> <span class='ocrx_word' id='word_1_297' title='bbox 583 2311 818 2352; x_wconf 86' lang='lat' dir='ltr'>neuerGrund,</span> 
     </span>
     <span class='ocr_line' id='line_1_44' title="bbox 157 2356 819 2399; baseline 0.003 -13"><span class='ocrx_word' id='word_1_298' title='bbox 157 2366 280 2387; x_wconf 83' lang='lat' dir='ltr'>warum</span> <span class='ocrx_word' id='word_1_299' title='bbox 291 2356 338 2386; x_wconf 77' lang='lat' dir='ltr'>sie</span> <span class='ocrx_word' id='word_1_300' title='bbox 348 2356 436 2387; x_wconf 82' lang='lat' dir='ltr'>nicht</span> <span class='ocrx_word' id='word_1_301' title='bbox 444 2357 641 2388; x_wconf 76' lang='lat' dir='ltr'>vorriicken.</span> <span class='ocrx_word' id='word_1_302' title='bbox 650 2375 694 2379; x_wconf 85' lang='lat'>—</span> <span class='ocrx_word' id='word_1_303' title='bbox 702 2368 819 2399; x_wconf 70' lang='lat' dir='ltr'>gaesa,</span> 
     </span>
     <span class='ocr_line' id='line_1_45' title="bbox 158 2400 819 2443; baseline 0.002 -11"><span class='ocrx_word' id='word_1_304' title='bbox 158 2412 185 2432; x_wconf 91' lang='lat' dir='ltr'>s.</span> <span class='ocrx_word' id='word_1_305' title='bbox 205 2401 235 2441; x_wconf 82' lang='lat' dir='ltr'>S,</span> <span class='ocrx_word' id='word_1_306' title='bbox 255 2400 284 2439; x_wconf 81' lang='lat' dir='ltr'>S,</span> <span class='ocrx_word' id='word_1_307' title='bbox 304 2400 334 2432; x_wconf 92' lang='lat'>3.</span> <span class='ocrx_word' id='word_1_308' title='bbox 352 2420 390 2423; x_wconf 79' lang='lat'>-</span> <span class='ocrx_word' id='word_1_309' title='bbox 411 2412 537 2443; x_wconf 72' lang='lat' dir='ltr'>magna</span> <span class='ocrx_word' id='word_1_310' title='bbox 561 2404 609 2433; x_wconf 76' lang='lat' dir='ltr'>vis</span> <span class='ocrx_word' id='word_1_311' title='bbox 634 2403 676 2433; x_wconf 87' lang='lat' dir='ltr'>ist</span> <span class='ocrx_word' id='word_1_312' title='bbox 699 2403 748 2434; x_wconf 79' lang='lat' dir='ltr'>als</span> <span class='ocrx_word' id='word_1_313' title='bbox 766 2403 819 2433; x_wconf 84' lang='lat' dir='ltr'>ein</span> 
     </span>
     <span class='ocr_line' id='line_1_46' title="bbox 159 2446 819 2487; baseline 0.003 -10"><span class='ocrx_word' id='word_1_314' title='bbox 159 2446 283 2487; x_wconf 78' lang='lat' dir='ltr'>Begriff</span> <span class='ocrx_word' id='word_1_315' title='bbox 301 2447 441 2486; x_wconf 79' lang='lat' dir='ltr'>gedacht</span> <span class='ocrx_word' id='word_1_316' title='bbox 469 2447 532 2478; x_wconf 91' lang='lat' dir='ltr'>und</span> <span class='ocrx_word' id='word_1_317' title='bbox 562 2448 685 2479; x_wconf 87' lang='lat' dir='ltr'>diesem</span> <span class='ocrx_word' id='word_1_318' title='bbox 710 2450 819 2479; x_wconf 78' lang='lat' dir='ltr'>tamen</span> 
     </span>
     <span class='ocr_line' id='line_1_47' title="bbox 159 2493 390 2532; baseline 0.009 -10"><span class='ocrx_word' id='word_1_319' title='bbox 159 2493 390 2532; x_wconf 80' lang='lat' dir='ltr'>nachgestellt.</span> 
     </span>
    </p>

    <p class='ocr_par' dir='ltr' id='par_1_10' title="bbox 159 2536 823 2708">
     <span class='ocr_line' id='line_1_48' title="bbox 204 2536 820 2570; baseline 0 -1"><span class='ocrx_word' id='word_1_320' title='bbox 204 2537 234 2569; x_wconf 83' lang='lat'>6.</span> <span class='ocrx_word' id='word_1_321' title='bbox 262 2541 295 2569; x_wconf 77' lang='lat' dir='ltr'>et</span> <span class='ocrx_word' id='word_1_322' title='bbox 315 2538 414 2569; x_wconf 62' lang='lat' dir='ltr'>llam:</span> <span class='ocrx_word' id='word_1_323' title='bbox 446 2536 504 2568; x_wconf 86' lang='lat' dir='ltr'>auf</span> <span class='ocrx_word' id='word_1_324' title='bbox 532 2537 678 2569; x_wconf 87' lang='lat' dir='ltr'>dieselbe</span> <span class='ocrx_word' id='word_1_325' title='bbox 704 2538 820 2570; x_wconf 80' lang='lat' dir='ltr'>Weise</span> 
     </span>
     <span class='ocr_line' id='line_1_49' title="bbox 159 2582 822 2623; baseline 0 -9"><span class='ocrx_word' id='word_1_326' title='bbox 159 2583 220 2623; x_wconf 74' lang='lat' dir='ltr'>gab</span> <span class='ocrx_word' id='word_1_327' title='bbox 239 2583 276 2614; x_wconf 89' lang='lat' dir='ltr'>H.</span> <span class='ocrx_word' id='word_1_328' title='bbox 295 2583 355 2614; x_wconf 85' lang='lat' dir='ltr'>den</span> <span class='ocrx_word' id='word_1_329' title='bbox 381 2584 491 2615; x_wconf 81' lang='lat' dir='ltr'>Sturiu</span> <span class='ocrx_word' id='word_1_330' title='bbox 516 2582 582 2615; x_wconf 83' lang='lat' dir='ltr'>auf.</span> <span class='ocrx_word' id='word_1_331' title='bbox 607 2602 650 2606; x_wconf 93' lang='lat'>—</span> <span class='ocrx_word' id='word_1_332' title='bbox 674 2584 822 2616; x_wconf 72' lang='lat' dir='ltr'>cohortis</span> 
     </span>
     <span class='ocr_line' id='line_1_50' title="bbox 160 2627 823 2671; baseline 0.003 -12"><span class='ocrx_word' id='word_1_333' title='bbox 160 2633 235 2668; x_wconf 61' lang='lat' dir='ltr'>etc„</span> <span class='ocrx_word' id='word_1_334' title='bbox 254 2639 317 2660; x_wconf 86' lang='lat' dir='ltr'>von</span> <span class='ocrx_word' id='word_1_335' title='bbox 332 2629 403 2660; x_wconf 88' lang='lat' dir='ltr'>dem</span> <span class='ocrx_word' id='word_1_336' title='bbox 417 2627 552 2671; x_wconf 78' lang='lat' dir='ltr'>Hampi&#39;e</span> <span class='ocrx_word' id='word_1_337' title='bbox 571 2639 676 2669; x_wconf 82' lang='lat' dir='ltr'>gegen</span> <span class='ocrx_word' id='word_1_338' title='bbox 695 2630 746 2661; x_wconf 88' lang='lat' dir='ltr'>die</span> <span class='ocrx_word' id='word_1_339' title='bbox 765 2629 823 2661; x_wconf 84' lang='lat' dir='ltr'>be-</span> 
     </span>
     <span class='ocr_line' id='line_1_51' title="bbox 160 2674 823 2708; baseline 0.003 -3"><span class='ocrx_word' id='word_1_340' title='bbox 160 2674 321 2706; x_wconf 78' lang='lat' dir='ltr'>deutende</span> <span class='ocrx_word' id='word_1_341' title='bbox 345 2674 581 2707; x_wconf 80' lang='lat' dir='ltr'>Heeresmacht</span> <span class='ocrx_word' id='word_1_342' title='bbox 603 2675 660 2706; x_wconf 88' lang='lat' dir='ltr'>des</span> <span class='ocrx_word' id='word_1_343' title='bbox 683 2674 823 2708; x_wconf 84' lang='lat' dir='ltr'>Fulvius</span> 
     </span>
    </p>
   </div>
   <div class='ocr_carea' id='block_1_9' title="bbox 889 1630 1560 2397">
    <p class='ocr_par' dir='ltr' id='par_1_11' title="bbox 889 1630 1560 1988">
     <span class='ocr_line' id='line_1_52' title="bbox 889 1630 1555 1664; baseline 0.003 -3"><span class='ocrx_word' id='word_1_344' title='bbox 889 1630 933 1662; x_wconf 83' lang='lat' dir='ltr'>ist</span> <span class='ocrx_word' id='word_1_345' title='bbox 951 1630 1040 1662; x_wconf 83' lang='lat' dir='ltr'>nicht</span> <span class='ocrx_word' id='word_1_346' title='bbox 1057 1631 1109 1661; x_wconf 86' lang='lat' dir='ltr'>die</span> <span class='ocrx_word' id='word_1_347' title='bbox 1127 1630 1227 1663; x_wconf 84' lang='lat' dir='ltr'>Rede.</span> <span class='ocrx_word' id='word_1_348' title='bbox 1245 1631 1338 1664; x_wconf 89' lang='lat' dir='ltr'>Ganz</span> <span class='ocrx_word' id='word_1_349' title='bbox 1352 1632 1472 1663; x_wconf 82' lang='lat' dir='ltr'>anders</span> <span class='ocrx_word' id='word_1_350' title='bbox 1490 1632 1555 1663; x_wconf 91' lang='lat' dir='ltr'>und</span> 
     </span>
     <span class='ocr_line' id='line_1_53' title="bbox 890 1675 1554 1720; baseline 0.003 -14"><span class='ocrx_word' id='word_1_351' title='bbox 890 1677 973 1707; x_wconf 87' lang='lat' dir='ltr'>ohne</span> <span class='ocrx_word' id='word_1_352' title='bbox 1003 1675 1239 1717; x_wconf 84' lang='lat' dir='ltr'>Einmischung</span> <span class='ocrx_word' id='word_1_353' title='bbox 1271 1678 1330 1709; x_wconf 89' lang='lat' dir='ltr'>der</span> <span class='ocrx_word' id='word_1_354' title='bbox 1362 1677 1554 1720; x_wconf 86' lang='lat' dir='ltr'>spanischen</span> 
     </span>
     <span class='ocr_line' id='line_1_54' title="bbox 889 1721 1560 1765; baseline 0.003 -13"><span class='ocrx_word' id='word_1_355' title='bbox 889 1721 1032 1753; x_wconf 79' lang='lat' dir='ltr'>Cohorte</span> <span class='ocrx_word' id='word_1_356' title='bbox 1063 1722 1157 1753; x_wconf 85' lang='lat' dir='ltr'>stellt</span> <span class='ocrx_word' id='word_1_357' title='bbox 1185 1722 1302 1765; x_wconf 69' lang='lat' dir='ltr'>Polyb.</span> <span class='ocrx_word' id='word_1_358' title='bbox 1331 1723 1393 1754; x_wconf 87' lang='lat' dir='ltr'>den</span> <span class='ocrx_word' id='word_1_359' title='bbox 1419 1721 1560 1755; x_wconf 85' lang='lat' dir='ltr'>Verlauf</span> 
     </span>
     <span class='ocr_line' id='line_1_55' title="bbox 890 1765 1554 1811; baseline 0.002 -14"><span class='ocrx_word' id='word_1_360' title='bbox 890 1767 947 1798; x_wconf 80' lang='lat' dir='ltr'>des</span> <span class='ocrx_word' id='word_1_361' title='bbox 966 1765 1121 1808; x_wconf 79' lang='lat' dir='ltr'>Hampfes</span> <span class='ocrx_word' id='word_1_362' title='bbox 1140 1767 1210 1799; x_wconf 83' lang='lat' dir='ltr'>dar.</span> <span class='ocrx_word' id='word_1_363' title='bbox 1222 1786 1267 1790; x_wconf 89' lang='lat'>—</span> <span class='ocrx_word' id='word_1_364' title='bbox 1280 1769 1382 1811; x_wconf 82' lang='lat' dir='ltr'>recip.</span> <span class='ocrx_word' id='word_1_365' title='bbox 1398 1769 1476 1810; x_wconf 60' lang='lat' dir='ltr'>siga,</span> <span class='ocrx_word' id='word_1_366' title='bbox 1490 1778 1554 1800; x_wconf 88' lang='lat' dir='ltr'>von</span> 
     </span>
     <span class='ocr_line' id='line_1_56' title="bbox 890 1811 1555 1853; baseline 0.005 -11"><span class='ocrx_word' id='word_1_367' title='bbox 890 1812 994 1843; x_wconf 85' lang='lat' dir='ltr'>einem</span> <span class='ocrx_word' id='word_1_368' title='bbox 1020 1811 1215 1844; x_wconf 84' lang='lat' dir='ltr'>Vorriicken</span> <span class='ocrx_word' id='word_1_369' title='bbox 1241 1813 1299 1844; x_wconf 87' lang='lat' dir='ltr'>des</span> <span class='ocrx_word' id='word_1_370' title='bbox 1323 1823 1450 1853; x_wconf 83' lang='lat' dir='ltr'>ganzen</span> <span class='ocrx_word' id='word_1_371' title='bbox 1468 1813 1555 1845; x_wconf 87' lang='lat' dir='ltr'>Hee-</span> 
     </span>
     <span class='ocr_line' id='line_1_57' title="bbox 890 1857 1554 1901; baseline 0.003 -13"><span class='ocrx_word' id='word_1_372' title='bbox 890 1867 955 1895; x_wconf 82' lang='lat' dir='ltr'>rcs,</span> <span class='ocrx_word' id='word_1_373' title='bbox 975 1857 1051 1889; x_wconf 87' lang='lat' dir='ltr'>dass</span> <span class='ocrx_word' id='word_1_374' title='bbox 1080 1858 1132 1888; x_wconf 88' lang='lat' dir='ltr'>die</span> <span class='ocrx_word' id='word_1_375' title='bbox 1158 1861 1364 1901; x_wconf 74' lang='lat' dir='ltr'>oppugnatz&#39;o</span> <span class='ocrx_word' id='word_1_376' title='bbox 1388 1859 1479 1890; x_wconf 65' lang='lat' dir='ltr'>hatte</span> <span class='ocrx_word' id='word_1_377' title='bbox 1496 1858 1554 1890; x_wconf 87' lang='lat' dir='ltr'>be-</span> 
     </span>
     <span class='ocr_line' id='line_1_58' title="bbox 892 1903 1555 1946; baseline 0.006 -14"><span class='ocrx_word' id='word_1_378' title='bbox 892 1912 1019 1942; x_wconf 85' lang='lat' dir='ltr'>gonnen</span> <span class='ocrx_word' id='word_1_379' title='bbox 1050 1903 1183 1934; x_wconf 85' lang='lat' dir='ltr'>werden</span> <span class='ocrx_word' id='word_1_380' title='bbox 1216 1903 1358 1946; x_wconf 74' lang='lat' dir='ltr'>konnen,</span> <span class='ocrx_word' id='word_1_381' title='bbox 1391 1904 1435 1935; x_wconf 86' lang='lat' dir='ltr'>ist</span> <span class='ocrx_word' id='word_1_382' title='bbox 1466 1904 1555 1936; x_wconf 86' lang='lat' dir='ltr'>nicht</span> 
     </span>
     <span class='ocr_line' id='line_1_59' title="bbox 892 1947 1236 1988; baseline 0.003 -9"><span class='ocrx_word' id='word_1_383' title='bbox 892 1948 943 1979; x_wconf 90' lang='lat' dir='ltr'>die</span> <span class='ocrx_word' id='word_1_384' title='bbox 961 1947 1050 1979; x_wconf 84' lang='lat' dir='ltr'>Rede</span> <span class='ocrx_word' id='word_1_385' title='bbox 1069 1958 1236 1988; x_wconf 83' lang='lat' dir='ltr'>gewesen.</span> 
     </span>
    </p>

    <p class='ocr_par' dir='ltr' id='par_1_12' title="bbox 889 1993 1558 2397">
     <span class='ocr_line' id='line_1_60' title="bbox 938 1993 1556 2035; baseline 0 -10"><span class='ocrx_word' id='word_1_386' title='bbox 938 1993 967 2025; x_wconf 81' lang='lat'>7.</span> <span class='ocrx_word' id='word_1_387' title='bbox 994 1993 1097 2025; x_wconf 78' lang='lat' dir='ltr'>ardor</span> <span class='ocrx_word' id='word_1_388' title='bbox 1119 1993 1164 2025; x_wconf 81' lang='lat' dir='ltr'>ad</span> <span class='ocrx_word' id='word_1_389' title='bbox 1191 1998 1267 2033; x_wconf 88' lang='lat' dir='ltr'>etc.,</span> <span class='ocrx_word' id='word_1_390' title='bbox 1296 1994 1362 2034; x_wconf 82' lang='lat' dir='ltr'>vgl.</span> <span class='ocrx_word' id='word_1_391' title='bbox 1390 1994 1417 2035; x_wconf 90' lang='lat'>1,</span> <span class='ocrx_word' id='word_1_392' title='bbox 1441 1993 1494 2033; x_wconf 84' lang='lat'>53,</span> <span class='ocrx_word' id='word_1_393' title='bbox 1518 1993 1556 2025; x_wconf 74' lang='lat'>9:</span> 
     </span>
     <span class='ocr_line' id='line_1_61' title="bbox 891 2037 1558 2081; baseline 0.001 -11"><span class='ocrx_word' id='word_1_394' title='bbox 891 2037 995 2071; x_wconf 79' lang='lat' dir='ltr'>ardor</span> <span class='ocrx_word' id='word_1_395' title='bbox 1011 2039 1056 2070; x_wconf 84' lang='lat' dir='ltr'>ad</span> <span class='ocrx_word' id='word_1_396' title='bbox 1072 2039 1210 2078; x_wconf 57' lang='lat' dir='ltr'>bellium</span> <span class='ocrx_word' id='word_1_397' title='bbox 1232 2039 1279 2081; x_wconf 91' lang='lat'>10,</span> <span class='ocrx_word' id='word_1_398' title='bbox 1300 2039 1354 2080; x_wconf 85' lang='lat'>36,</span> <span class='ocrx_word' id='word_1_399' title='bbox 1372 2039 1408 2072; x_wconf 88' lang='lat'>3:</span> <span class='ocrx_word' id='word_1_400' title='bbox 1426 2041 1558 2072; x_wconf 76' lang='lat' dir='ltr'>animus</span> 
     </span>
     <span class='ocr_line' id='line_1_62' title="bbox 890 2084 1558 2127; baseline 0.001 -11"><span class='ocrx_word' id='word_1_401' title='bbox 890 2086 944 2116; x_wconf 78' lang='lat' dir='ltr'>est</span> <span class='ocrx_word' id='word_1_402' title='bbox 955 2084 1232 2127; x_wconf 68' lang='lat' dir='ltr'>adpugnandmn</span> <span class='ocrx_word' id='word_1_403' title='bbox 1245 2095 1276 2117; x_wconf 90' lang='lat' dir='ltr'>u.</span> <span class='ocrx_word' id='word_1_404' title='bbox 1291 2085 1489 2117; x_wconf 86' lang='lat' dir='ltr'>a.—Flacc.</span> <span class='ocrx_word' id='word_1_405' title='bbox 1502 2086 1558 2117; x_wconf 81' lang='lat' dir='ltr'>ad-</span> 
     </span>
     <span class='ocr_line' id='line_1_63' title="bbox 891 2130 1557 2173; baseline 0.003 -13"><span class='ocrx_word' id='word_1_406' title='bbox 891 2130 1080 2162; x_wconf 87' lang='lat' dir='ltr'>versatives</span> <span class='ocrx_word' id='word_1_407' title='bbox 1098 2130 1310 2173; x_wconf 79' lang='lat' dir='ltr'>Asyndeton:</span> <span class='ocrx_word' id='word_1_408' title='bbox 1328 2130 1380 2162; x_wconf 88' lang='lat' dir='ltr'>Fl.</span> <span class='ocrx_word' id='word_1_409' title='bbox 1399 2131 1557 2171; x_wconf 82' lang='lat' dir='ltr'>dagegen.</span> 
     </span>
     <span class='ocr_line' id='line_1_64' title="bbox 889 2174 1556 2219; baseline 0 -12"><span class='ocrx_word' id='word_1_410' title='bbox 889 2193 935 2198; x_wconf 92' lang='lat'>—</span> <span class='ocrx_word' id='word_1_411' title='bbox 951 2175 997 2207; x_wconf 85' lang='lat' dir='ltr'>ad</span> <span class='ocrx_word' id='word_1_412' title='bbox 1012 2178 1080 2208; x_wconf 70' lang='lat' dir='ltr'>atr.</span> <span class='ocrx_word' id='word_1_413' title='bbox 1096 2177 1204 2219; x_wconf 70' lang='lat' dir='ltr'>profi,</span> <span class='ocrx_word' id='word_1_414' title='bbox 1230 2174 1284 2207; x_wconf 82' lang='lat' dir='ltr'>fiir</span> <span class='ocrx_word' id='word_1_415' title='bbox 1301 2176 1394 2208; x_wconf 86' lang='lat' dir='ltr'>beide</span> <span class='ocrx_word' id='word_1_416' title='bbox 1412 2176 1556 2207; x_wconf 86' lang='lat' dir='ltr'>Zwecke</span> 
     </span>
     <span class='ocr_line' id='line_1_65' title="bbox 892 2221 1558 2264; baseline -0.003 -12"><span class='ocrx_word' id='word_1_417' title='bbox 892 2221 1047 2252; x_wconf 83' lang='lat' dir='ltr'>erreicht.</span> <span class='ocrx_word' id='word_1_418' title='bbox 1079 2239 1124 2244; x_wconf 91' lang='lat'><strong>—</strong></span> <span class='ocrx_word' id='word_1_419' title='bbox 1153 2224 1186 2253; x_wconf 77' lang='lat' dir='ltr'>et</span> <span class='ocrx_word' id='word_1_420' title='bbox 1207 2223 1278 2264; x_wconf 79' lang='lat' dir='ltr'>ipse</span> <span class='ocrx_word' id='word_1_421' title='bbox 1300 2222 1337 2252; x_wconf 93' lang='lat' dir='ltr'>H.</span> <span class='ocrx_word' id='word_1_422' title='bbox 1355 2233 1382 2252; x_wconf 82' lang='lat' dir='ltr'>S.</span> <span class='ocrx_word' id='word_1_423' title='bbox 1409 2232 1439 2252; x_wconf 91' lang='lat' dir='ltr'>n.</span> <span class='ocrx_word' id='word_1_424' title='bbox 1459 2231 1558 2262; x_wconf 82' lang='lat' dir='ltr'>quam</span> 
     </span>
     <span class='ocr_line' id='line_1_66' title="bbox 890 2266 1557 2308; baseline -0.001 -10"><span class='ocrx_word' id='word_1_425' title='bbox 890 2266 983 2298; x_wconf 78' lang='lat' dir='ltr'>haud</span> <span class='ocrx_word' id='word_1_426' title='bbox 997 2277 1041 2298; x_wconf 83' lang='lat' dir='ltr'>m.</span> <span class='ocrx_word' id='word_1_427' title='bbox 1062 2267 1136 2305; x_wconf 88' lang='lat' dir='ltr'>(wie</span> <span class='ocrx_word' id='word_1_428' title='bbox 1154 2276 1213 2306; x_wconf 79' lang='lat' dir='ltr'>gar</span> <span class='ocrx_word' id='word_1_429' title='bbox 1227 2267 1345 2307; x_wconf 78' lang='lat' dir='ltr'>wenig)</span> <span class='ocrx_word' id='word_1_430' title='bbox 1361 2268 1392 2297; x_wconf 77' lang='lat' dir='ltr'>in</span> <span class='ocrx_word' id='word_1_431' title='bbox 1407 2277 1443 2298; x_wconf 81' lang='lat' dir='ltr'>se</span> <span class='ocrx_word' id='word_1_432' title='bbox 1457 2276 1557 2308; x_wconf 84' lang='lat' dir='ltr'>prae-</span> 
     </span>
     <span class='ocr_line' id='line_1_67' title="bbox 893 2310 1556 2353; baseline -0.003 -10"><span class='ocrx_word' id='word_1_433' title='bbox 893 2312 974 2344; x_wconf 58' lang='lat' dir='ltr'>sidit</span> <span class='ocrx_word' id='word_1_434' title='bbox 991 2314 1089 2352; x_wconf 75' lang='lat' dir='ltr'>esset,</span> <span class='ocrx_word' id='word_1_435' title='bbox 1114 2312 1180 2351; x_wconf 80' lang='lat' dir='ltr'>vgl.</span> <span class='ocrx_word' id='word_1_436' title='bbox 1206 2322 1233 2343; x_wconf 88' lang='lat' dir='ltr'>c.</span> <span class='ocrx_word' id='word_1_437' title='bbox 1262 2311 1311 2352; x_wconf 86' lang='grc'>16,</span> <span class='ocrx_word' id='word_1_438' title='bbox 1341 2310 1399 2350; x_wconf 78' lang='lat'>133</span> <span class='ocrx_word' id='word_1_439' title='bbox 1425 2311 1478 2353; x_wconf 90' lang='grc'>33,</span> <span class='ocrx_word' id='word_1_440' title='bbox 1503 2311 1556 2351; x_wconf 86' lang='grc'>27,</span> 
     </span>
     <span class='ocr_line' id='line_1_68' title="bbox 894 2357 1131 2397; baseline -0.004 -9"><span class='ocrx_word' id='word_1_441' title='bbox 894 2358 932 2396; x_wconf 71' lang='lat'>(33</span> <span class='ocrx_word' id='word_1_442' title='bbox 958 2357 1010 2395; x_wconf 87' lang='lat'>39,</span> <span class='ocrx_word' id='word_1_443' title='bbox 1030 2357 1082 2397; x_wconf 73' lang='lat'>30,</span> <span class='ocrx_word' id='word_1_444' title='bbox 1105 2357 1131 2387; x_wconf 92' lang='lat'>1.</span> 
     </span>
    </p>
   </div>
   <div class='ocr_carea' id='block_1_10' title="bbox 893 2400 1559 2580">
    <p class='ocr_par' dir='ltr' id='par_1_13' title="bbox 893 2400 1559 2580">
     <span class='ocr_line' id='line_1_69' title="bbox 938 2400 1557 2445; baseline 0 -12"><span class='ocrx_word' id='word_1_445' title='bbox 938 2402 1059 2433; x_wconf 77' lang='lat'>8—12.</span> <span class='ocrx_word' id='word_1_446' title='bbox 1085 2403 1184 2434; x_wconf 75' lang='lat' dir='ltr'>huius</span> <span class='ocrx_word' id='word_1_447' title='bbox 1199 2413 1232 2445; x_wconf 86' lang='lat' dir='ltr'>p.</span> <span class='ocrx_word' id='word_1_448' title='bbox 1251 2413 1295 2441; x_wconf 83' lang='lat' dir='ltr'>a.,</span> <span class='ocrx_word' id='word_1_449' title='bbox 1321 2400 1557 2433; x_wconf 70' lang='lat' dir='ltr'>Gew&#39;zihrmiin-</span> 
     </span>
     <span class='ocr_line' id='line_1_70' title="bbox 893 2446 1556 2488; baseline 0 -10"><span class='ocrx_word' id='word_1_450' title='bbox 893 2457 952 2478; x_wconf 86' lang='lat' dir='ltr'>ner</span> <span class='ocrx_word' id='word_1_451' title='bbox 986 2446 1040 2478; x_wconf 81' lang='lat' dir='ltr'>fiir</span> <span class='ocrx_word' id='word_1_452' title='bbox 1076 2447 1233 2478; x_wconf 85' lang='lat' dir='ltr'>dieselbe.</span> <span class='ocrx_word' id='word_1_453' title='bbox 1271 2465 1315 2469; x_wconf 78' lang='lat'>-—</span> <span class='ocrx_word' id='word_1_454' title='bbox 1353 2446 1491 2488; x_wconf 83' lang='lat' dir='ltr'>molem,</span> <span class='ocrx_word' id='word_1_455' title='bbox 1521 2457 1556 2478; x_wconf 89' lang='lat' dir='ltr'>so</span> 
     </span>
     <span class='ocr_line' id='line_1_71' title="bbox 893 2493 1559 2533; baseline 0 -10"><span class='ocrx_word' id='word_1_456' title='bbox 893 2503 1010 2533; x_wconf 84' lang='lat' dir='ltr'>grosse</span> <span class='ocrx_word' id='word_1_457' title='bbox 1035 2493 1236 2532; x_wconf 75' lang='lat' dir='ltr'>Bedeutung.</span> <span class='ocrx_word' id='word_1_458' title='bbox 1261 2510 1305 2514; x_wconf 89' lang='lat'>—</span> <span class='ocrx_word' id='word_1_459' title='bbox 1327 2493 1446 2533; x_wconf 70' lang='lat' dir='ltr'>inveni,</span> <span class='ocrx_word' id='word_1_460' title='bbox 1465 2497 1559 2524; x_wconf 87' lang='lat' dir='ltr'>sonst</span> 
     </span>
     <span class='ocr_line' id='line_1_72' title="bbox 895 2537 1557 2580; baseline 0.002 -12"><span class='ocrx_word' id='word_1_461' title='bbox 895 2543 969 2579; x_wconf 85' lang='lat' dir='ltr'>sagt</span> <span class='ocrx_word' id='word_1_462' title='bbox 997 2538 1033 2569; x_wconf 91' lang='lat' dir='ltr'>L.</span> <span class='ocrx_word' id='word_1_463' title='bbox 1063 2539 1200 2569; x_wconf 72' lang='lat' dir='ltr'>invenio.</span> <span class='ocrx_word' id='word_1_464' title='bbox 1231 2555 1275 2560; x_wconf 87' lang='lat'>-—</span> <span class='ocrx_word' id='word_1_465' title='bbox 1307 2537 1473 2580; x_wconf 65' lang='lat' dir='ltr'>elephanti</span> <span class='ocrx_word' id='word_1_466' title='bbox 1494 2542 1557 2569; x_wconf 87' lang='lat' dir='ltr'>etc.</span> 
     </span>
    </p>
   </div>
   <div class='ocr_carea' id='block_1_11' title="bbox 894 2583 1556 2719">
    <p class='ocr_par' dir='ltr' id='par_1_14' title="bbox 894 2583 1556 2719">
     <span class='ocr_line' id='line_1_73' title="bbox 896 2583 1556 2623; baseline 0 -9"><span class='ocrx_word' id='word_1_467' title='bbox 896 2584 940 2614; x_wconf 87' lang='lat' dir='ltr'>ist</span> <span class='ocrx_word' id='word_1_468' title='bbox 972 2584 1053 2614; x_wconf 87' lang='lat' dir='ltr'>noch</span> <span class='ocrx_word' id='word_1_469' title='bbox 1086 2593 1149 2614; x_wconf 87' lang='lat' dir='ltr'>von</span> <span class='ocrx_word' id='word_1_470' title='bbox 1185 2593 1259 2614; x_wconf 76' lang='lat' dir='ltr'>cum</span> <span class='ocrx_word' id='word_1_471' title='bbox 1295 2583 1457 2623; x_wconf 67' lang='lat' dir='ltr'>abhangig</span> <span class='ocrx_word' id='word_1_472' title='bbox 1492 2584 1556 2614; x_wconf 89' lang='lat' dir='ltr'>und</span> 
     </span>
     <span class='ocr_line' id='line_1_74' title="bbox 894 2626 1556 2670; baseline 0 -10"><span class='ocrx_word' id='word_1_473' title='bbox 894 2628 1106 2670; x_wconf 82' lang='lat' dir='ltr'>asyndetisch</span> <span class='ocrx_word' id='word_1_474' title='bbox 1125 2626 1292 2668; x_wconf 82' lang='lat' dir='ltr'>angefiigt,</span> <span class='ocrx_word' id='word_1_475' title='bbox 1311 2627 1388 2660; x_wconf 82' lang='lat' dir='ltr'>wess</span> <span class='ocrx_word' id='word_1_476' title='bbox 1405 2628 1464 2660; x_wconf 88' lang='lat' dir='ltr'>der</span> <span class='ocrx_word' id='word_1_477' title='bbox 1477 2628 1556 2660; x_wconf 82' lang='lat' dir='ltr'>Satz</span> 
     </span>
     <span class='ocr_line' id='line_1_75' title="bbox 896 2673 1555 2719; baseline 0.002 -14"><span class='ocrx_word' id='word_1_478' title='bbox 896 2684 957 2705; x_wconf 92' lang='lat' dir='ltr'>nur</span> <span class='ocrx_word' id='word_1_479' title='bbox 965 2674 1037 2706; x_wconf 87' lang='lat' dir='ltr'>eine</span> <span class='ocrx_word' id='word_1_480' title='bbox 1047 2673 1235 2715; x_wconf 68' lang='lat' dir='ltr'>Erkltiruug</span> <span class='ocrx_word' id='word_1_481' title='bbox 1243 2684 1304 2706; x_wconf 86' lang='lat' dir='ltr'>von</span> <span class='ocrx_word' id='word_1_482' title='bbox 1315 2684 1391 2706; x_wconf 78' lang='lat' dir='ltr'>eum</span> <span class='ocrx_word' id='word_1_483' title='bbox 1403 2673 1555 2719; x_wconf 79' lang='lat' dir='ltr'>elephan-</span> 
     </span>
    </p>
   </div>
   <div class='ocr_carea' id='block_1_12' title="bbox 1579 465 1598 497">
    <p class='ocr_par' dir='ltr' id='par_1_15' title="bbox 1579 465 1598 497">
     <span class='ocr_line' id='line_1_76' title="bbox 1579 465 1598 497; baseline 0 0"><span class='ocrx_word' id='word_1_484' title='bbox 1579 465 1598 497; x_wconf 87' lang='lat'>4</span> 
     </span>
    </p>
   </div>
   <div class='ocr_carea' id='block_1_13' title="bbox 1579 581 1598 612">
    <p class='ocr_par' dir='ltr' id='par_1_16' title="bbox 1579 581 1598 612">
     <span class='ocr_line' id='line_1_77' title="bbox 1579 581 1598 612; baseline 0 0"><span class='ocrx_word' id='word_1_485' title='bbox 1579 581 1598 612; x_wconf 88' lang='lat'>5</span> 
     </span>
    </p>
   </div>
   <div class='ocr_carea' id='block_1_14' title="bbox 1581 810 1600 839">
    <p class='ocr_par' dir='ltr' id='par_1_17' title="bbox 1581 810 1600 839">
     <span class='ocr_line' id='line_1_78' title="bbox 1581 810 1600 839; baseline 0 0"><span class='ocrx_word' id='word_1_486' title='bbox 1581 810 1600 839; x_wconf 81' lang='lat' dir='ltr'>(i</span> 
     </span>
    </p>
   </div>
   <div class='ocr_carea' id='block_1_15' title="bbox 1582 1374 1602 1405">
    <p class='ocr_par' dir='ltr' id='par_1_18' title="bbox 1582 1374 1602 1405">
     <span class='ocr_line' id='line_1_79' title="bbox 1582 1374 1602 1405; baseline 0 0"><span class='ocrx_word' id='word_1_487' title='bbox 1582 1374 1602 1405; x_wconf 83' lang='lat'><strong>9</strong></span> 
     </span>
    </p>
   </div>
   <div class='ocr_carea' id='block_1_16' title="bbox 1585 1483 1624 1515">
    <p class='ocr_par' dir='ltr' id='par_1_19' title="bbox 1585 1483 1624 1515">
     <span class='ocr_line' id='line_1_80' title="bbox 1585 1483 1624 1515; baseline 0 0"><span class='ocrx_word' id='word_1_488' title='bbox 1585 1483 1624 1515; x_wconf 88' lang='grc'>10</span> 
     </span>
    </p>
   </div>
  </div>
 </body>
</html>
