1784 2967
12 881 53 912 10

12 1159 52 1190 15

493 263 620 297 LIBER
644 262 773 295 XXIX.
822 262 914 295 CAP.
942 263 994 295 32.
1022 263 1075 295 33.
1404 262 1481 301 311

83 283 106 299 a.
121 275 172 299 Cli.
185 275 246 299 201.

82 367 218 407 Bucari
244 367 426 417 sequendi
454 366 541 414 fuit,
568 378 640 404 nec
665 365 813 415 ingredi
840 365 983 404 flumen
1010 377 1104 404 auso
1134 377 1206 404 nec
1230 364 1371 403 habere
1399 376 1484 402 cre·

82 423 186 463 denti
213 435 254 461 se
275 424 349 460 iam
373 435 486 474 quem
508 426 744 473 sequeretur.
786 421 874 459 inde
895 433 1014 460 vanus
1035 426 1170 460 auctor
1190 420 1385 471 absumpti
1405 420 1484 459 Ma-

83 479 246 518 sinissae
277 479 323 517 ad
344 491 473 530 regem
495 478 621 525 rediit,
642 478 828 528 missique
850 478 914 528 qui
935 477 1202 528 Carthaginem
1223 477 1403 528 gaudium
1423 477 1484 515 in—

82 547 175 586 gens
202 535 440 581 nuntiarentz,
467 539 624 585 totaque
648 533 775 572 Africa
802 534 903 572 fama
930 534 1066 572 mortis
1088 533 1312 572 Masinissae
1343 533 1486 583 repleta

83 592 183 631 varie
205 591 355 630 animos
378 590 525 629 adfecit.

1510 423 1557 456 -10

1517 650 1556 683 11

1518 705 1558 739 12

193 647 396 686 Masinissa
430 646 469 684 in
497 645 681 697 spelunca
710 646 856 684 occulta
885 658 973 684 cum
1002 645 1130 684 herbis
1159 649 1311 684 curaret
1334 644 1485 693 vulnus,

82 703 247 742 duorum
277 702 447 754 equitum
475 701 678 741 latrocinio
707 714 777 752 per
805 701 886 740 dies
915 701 1061 752 aliquot
1089 701 1191 739 vixit.
1233 700 1296 739 ubi
1317 700 1486 751 primum

82 760 194 798 ducta
217 758 370 797 cicatrix
387 758 541 809 patique
556 770 675 808 posse
691 758 769 796 visa
786 757 1044 803 iactationem,
1067 757 1222 796 audacia
1238 756 1382 807 ingenti
1398 769 1487 807 per-

81 815 135 865 git
159 815 213 853 ire
240 814 285 853 ad
313 826 475 864 regnum
503 814 777 865 repetendum,
805 819 917 864 atque
944 814 983 852 in
1010 814 1097 864 ipso
1120 813 1254 851 itinere
1274 813 1374 851 haud
1397 812 1486 863 plus

81 883 179 909 xxxx
207 870 396 921 equitibus
419 870 586 909 collectis
609 882 694 909 cum
717 870 757 908 in
778 870 1002 916 Maesulios,
1031 870 1157 920 palam
1179 868 1253 907 iam
1277 869 1362 919 quis
1384 873 1489 906 esset
1519 874 1558 907 13

79 927 224 973 ferens,
245 926 434 971 venisset,
452 932 601 966 tantum
623 931 775 965 motum
799 939 884 965 cum
907 926 1037 964 favore
1058 925 1222 976 pristino
1243 930 1325 963 tum
1347 924 1486 974 gaudio

79 994 213 1033 inspe1
216 988 291 1029 ato
314 983 430 1033 quod,
452 995 565 1034 quem
583 982 731 1033 perisse
748 982 1000 1028 crediderant,
1018 982 1252 1020 incolumem
1270 980 1488 1026 cernebant,

80 1039 186 1083 fecit,
217 1044 259 1076 ut
285 1039 383 1077 intia
410 1051 557 1089 paucos
587 1039 668 1077 dies
697 1051 763 1076 sex
783 1038 899 1076 millia
920 1038 1093 1089 peditum
1115 1042 1351 1076 armatorum
1376 1041 1488 1086 quat-

80 1101 170 1134 tuor
196 1094 368 1145 equitum
396 1095 442 1133 ad
471 1108 556 1133 eum
586 1106 768 1133 convenil
772 1100 853 1142 ent
881 1095 1033 1144 iamque
1059 1105 1140 1132 non
1168 1093 1206 1131 in
1228 1092 1489 1143 possessione

82 1151 201 1189 modo
224 1150 373 1201 paterni
393 1151 500 1201 regni
523 1156 638 1197 esset,
660 1150 727 1189 sed
749 1151 861 1189 etiam
879 1152 1008 1189 socios
1026 1148 1398 1199 Carthaginiensium
1415 1161 1487 1199 po-

81 1207 195 1258 pulos
223 1207 620 1257 Masaesuliorumque
654 1207 750 1245 fines
779 1230 834 1233 m
859 1207 897 1244 id
927 1206 1112 1257 Syphacis
1138 1216 1298 1254 regnum
1328 1209 1408 1242 erat
1434 1228 1489 1232 —

81 1268 257 1302 vastaret.
301 1263 388 1301 inde
414 1263 571 1302 inritato
600 1263 645 1302 ad
674 1262 816 1301 bellum
839 1262 1028 1313 Syphace,
1050 1262 1150 1300 inter
1171 1261 1315 1300 Cirtam
1337 1260 1490 1311 Hippo-

81 1330 248 1369 nemque
282 1319 319 1356 in
357 1319 455 1369 iugis
494 1324 806 1369 opportunorum
844 1319 890 1356 ad
919 1318 1047 1356 onmia
1075 1317 1269 1356 montium
1300 1316 1488 1355 consedit.

80 1375 265 1414 Maiorem
290 1374 408 1425 igitur
433 1375 508 1413 iam
530 1387 611 1413 rem
635 1374 790 1426 Syphax
817 1379 943 1419 ratus,
973 1386 1087 1424 quam
1113 1379 1157 1412 ut
1183 1385 1251 1423 per
1271 1373 1488 1423 praefectos
1515 1374 1569 1414 33

1521 1099 1561 1131 14

128 1509 179 1541 10.
204 1520 311 1541 vanus
328 1512 428 1547 (ωσι,
446 1519 484 1540 er
496 1508 618 1540 meldet
631 1513 748 1548 etwas,

81 1563 150 1585 was
169 1554 259 1585 nicht
276 1558 357 1585 statt
374 1553 537 1594 gefunden
557 1554 657 1593 hatte,
676 1554 748 1584 deni

82 1599 133 1630 die
167 1598 407 1630 Wirklichkeit
440 1599 528 1629 nicht
561 1598 748 1639 entsprach,

82 1643 206 1683 vgl.5‚
228 1644 260 1683 1,
279 1644 316 1681 73
335 1643 366 1682 6,
385 1643 437 1682 30,
456 1644 487 1674 4.
505 1661 549 1666 —
566 1644 690 1684 Africa
708 1661 750 1664 —

82 1688 181 1730 repl.,
204 1689 264 1719 der
287 1688 484 1719 Nachdruck
511 1688 594 1727 liegt
616 1685 675 1718 auf
694 1697 749 1719 re-

80 1733 172 1775 pleta
189 1733 309 1773 sama:
336 1733 396 1763 der
412 1731 580 1772 Umstand,
599 1733 674 1763 dass
691 1732 749 1762 das

83 1777 231 1810 Geriicht
259 1778 359 1808 durch
383 1776 436 1808 As.
460 1777 645 1807 verbreitet
667 1786 749 1815 war,

83 1823 140 1853 das
159 1821 212 1853 Af.
231 1820 415 1853 erffilleude
429 1821 584 1860 Geriicht,
602 1831 628 1852 5.
649 1821 676 1862 1,
694 1820 748 1861 34,

82 1868 114 1907 4,
129 1866 267 1899 Crevier
280 1867 349 1897 will
363 1866 490 1909 repleta
503 1864 687 1897 entfernen.
705 1884 746 1887 —

82 1914 176 1944 varie
197 1911 288 1953 culfi,
306 1922 332 1943 5.
351 1912 410 1948 45,
429 1910 486 1949 30,
508 1911 540 1941 1:
565 1911 644 1942 haec
666 1920 752 1953 pro-

82 1959 239 1989 nuntiata
265 1975 309 1979 ——
336 1959 428 1988 varie
451 1955 654 1997 adfecerunt
675 1957 748 1986 ani-

82 2012 176 2039 711053
194 2001 253 2040 26,
278 2001 314 2041 S,
336 2001 370 2038 13
391 2001 419 2040 2,
439 2000 490 2041 24,
512 2001 541 2031 1.

130 2046 285 2077 11—13.
316 2045 511 2084 latrocinio,
538 2046 594 2076 das
624 2044 753 2076 Erben-

83 2096 170 2131 tete,
196 2092 296 2122 durch
314 2090 406 2121 Raub
428 2090 606 2130 Erlangte,
630 2090 751 2120 ander-s

84 2147 111 2167 c.
140 2135 199 2175 31,
225 2137 275 2167 10.
306 2135 444 2177 Appian.
474 2146 501 2166 c.
533 2134 571 2166 12
601 2135 752 2166 erwiihnt

84 2180 254 2219 dasselbc,
277 2180 356 2211 aber
378 2181 436 2211 mit
456 2181 602 2211 anderen
620 2179 752 2211 Neben-

83 2225 288 2256 uinstiinden.
321 2243 362 2247 —
394 2225 511 2265 ducta,
550 2225 601 2255 die
640 2224 751 2256 Narbe

85 2270 198 2308 (durch
210 2269 346 2307 Bildung
359 2269 417 2300 der
426 2268 534 2300 Narbe
544 2270 595 2300 die
605 2269 750 2305 WVunde)

84 2315 151 2345 sich
181 2313 393 2353 geschlossen
422 2314 529 2354 hatte,
553 2319 646 2345 sonst
670 2315 752 2345 auch

83 2359 249 2397 inducere,
267 2358 439 2390 obducere.
457 2377 501 2381 —-
515 2360 601 2401 pall,
620 2358 660 2389 27
672 2384 680 2397 ,
699 2359 751 2400 29,

84 2404 115 2434 2.
134 2422 177 2427 -
193 2404 306 2447 palam>
329 2404 470 2444 —l'e1'.,
499 2414 524 2433 S.
551 2403 609 2445 24,
634 2403 692 2441 32,
719 2404 751 2434 1;

84 2448 177 2480 haud
205 2449 283 2480 ιάηί
311 2448 444 2489 quidam
468 2449 617 2479 homines
638 2448 753 2491 palam

74 2494 195 2536 ferme
214 2493 273 2533 21,
299 2493 356 2531 29,
381 2492 447 2524 (iu.
467 2503 495 2524 a.
511 2494 753 2533 —savoie—

84 2538 277 2579 —g'audeQ
292 2538 353 2576 bei,
372 2538 402 2568 in
420 2538 539 2577 Folge3
557 2537 674 2569 Masin.
689 2538 754 2569 soll

84 2583 134 2614 als
153 2583 302 2615 Urlieber
325 2583 384 2613 der
403 2584 586 2622 ssewegung
603 2583 752 2614 bezeich
788 2604 792 2607 -

87 2632 144 2659 net
159 2628 224 2659 und
243 2628 512 2668 hervoigehoben
532 2638 559 2657 u
565 2628 675 2659 erden

133 2672 183 2704 14.
216 2683 326 2704 soczos
351 2683 447 2716 pop„
477 2673 752 2704 wahrscheinlich

821 1507 1157 1550 phiinicischeSt'zidte
1175 1507 1205 1537 in
1214 1505 1399 1547 Numidien,
1411 1506 1492 1536 oder

821 1553 1020 1583 numidische
1045 1552 1233 1594 Dynasten,
1258 1552 1309 1582 die
1340 1562 1381 1582 zu
1410 1550 1492 1581 Car-

820 1598 918 1637 thago
936 1597 1066 1636 halten,
1084 1607 1111 1628 5.
1130 1607 1157 1628 c.
1175 1595 1256 1634 4,‘2.
1273 1615 1318 1618 —
1334 1596 1370 1627 z'd
1383 1594 1489 1638 Syph.

821 1647 895 1681 etc„
915 1653 941 1673 5.
960 1641 1020 1682 28,
1041 1642 1096 1682 17,
1114 1642 1149 1681 4,
1167 1641 1234 1681 vgl
1253 1641 1372 1672 Strabo
1394 1640 1452 1679 17,
1470 1639 1490 1671 9

822 1698 852 1729 p.
871 1687 950 1718 S29:
967 1684 1061 1738 μετὲι
1081 1665 1120 1717 dl}
1138 1682 1203 1726 τὴν
1219 1686 1292 1718 τῶν
1309 1688 1490 1728 Μαυρου-

823 1733 916 1764 σιων
936 1732 1006 1783 γῆν
1027 1727 1048 1772 ἡ
1072 1731 1145 1762 τῶν
1163 1730 1435 1762 ΝΙασαισυΝων
1458 1728 1491 1761 ἕ-

822 1778 913 1813 στίι,
932 1772 1008 1806 ἀπὸ
1026 1775 1090 1807 τοῦ
1106 1771 1300 1817 Μολαχαθ
1318 1775 1353 1815 (j.
1369 1773 1492 1805 Malvia

822 1821 872 1851 od.
898 1819 1049 1859 Moluga)
1078 1820 1253 1861 ποταμοῦ
1281 1816 1345 1860 τὴν
1374 1815 1492 1861 ἀρχὴν

820 1861 1084 1918 λριμβξένουσα,
1114 1863 1316 1896 τελευῑωσα
1351 1861 1392 1896 δὲ
1428 1862 1492 1895 ἐπὶ

822 1909 887 1961 τὴν
919 1907 1057 1952 ἄκραν,
1091 1904 1111 1950 ἢ
1140 1910 1302 1940 καλᾘεῑται
1337 1907 1490 1952 Τρητόν,

822 1950 928 1997 ὅριον
959 1955 1022 1995 τῆς
1052 1964 1090 1985 τε
1123 1953 1400 1986 Ινῐασαισυλίων
1431 1953 1492 1984 καὶ

822 2001 884 2040 τῆς
902 1999 1110 2031 Mammam
1128 2010 1150 2041 9
1155 1999 1202 2040 ῆς.
1215 2017 1259 2021 ——
1273 1997 1412 2039 Cirtam,
1426 2008 1491 2029 von

825 2045 886 2076 deu
919 2044 1116 2076 Pho’niciern
1150 2043 1355 2084 gegriindet,
1390 2044 1492 2074 daher

823 2090 905 2120 auch
929 2090 989 2120 der
1006 2089 1107 2120 Name
1132 2091 1220 2125 cart,
1246 2099 1272 2119 5.
1296 2087 1355 2127 28,
1374 2087 1433 2123 30,
1451 2087 1490 2127 33

824 2135 938 2176 sp'ater
966 2135 1028 2165 den
1052 2133 1230 2165 Numidern
1254 2131 1493 2174 unterworfen,

824 2190 887 2209 von
918 2179 1110 2210 Constantio
1139 2179 1168 2210 d.
1195 2177 1252 2210 Gr.
1282 2178 1493 2218 hergestesst,

824 2224 962 2264 daherj.
982 2223 1208 2262 Constantine,
1227 2223 1294 2261 vgl.
1313 2222 1365 2261 30,
1386 2222 1438 2260 12,
1457 2222 1492 2254 3:

826 2269 880 2300 Cir
885 2272 918 2300 la
934 2271 1035 2311 caput·
1050 2278 1108 2310 reg
1109 2279 1148 2299 -ηι
1145 2266 1325 2310 Syphacis
1342 2277 1377 2299 ev
1380 2270 1431 2307 at
1450 2267 1493 2299 ib.

824 2314 884 2353 44,
910 2313 961 2388 12Τ
984 2331 1028 2335 -
1050 2313 1189 2355 Ηψρυη.
1221 2323 1251 2343 n.
1277 2311 1439 2354 Regfflm,
1465 2323 1492 2344 s.

826 2370 852 2389 c
877 2339 916 2398 3,
965 2384 972 2390 .
1012 2358 1072 2388 Die
1099 2356 1304 2397 Evntsunung
1327 2358 1494 2388 zwischen

825 2404 941 2434 beiden
960 2403 1096 2434 St'adten
1117 2403 1159 2434 ist
1173 2413 1206 2432 5(
1212 2403 1249 2433 hi
1263 2402 1492 2434 betriichllich.

825 2467 868 2470 —
892 2450 982 2489 ηις-’25
1010 2447 1494 2489 mmzt„15ergkette,xvahr-

825 2493 1004 2524 scheinlicli
1028 2493 1078 2523 ein
1103 2493 1194 2524 Ausl
1188 2491 1282 2523 iul'er
1299 2493 1356 2523 des
1374 2491 1493 2524 Tham-

825 2538 897 2569 bes
906 2538 1078 2577 Gebizges,
1097 2548 1123 2568 5.
1143 2548 1170 2568 c.
1188 2537 1241 2576 31,

872 2560 1415 2622 33.1—3„ma1‘010m——2',am
1434 2583 1495 2615 der

825 2627 926 2667 Hrieg
941 2627 1374 2667 bereitsbedeutendergew
1380 2629 1494 2670 orden,

825 2673 891 2713 vgl.
909 2672 963 2714 27,
982 2672 1033 2714 39,
1052 2672 1086 2704 7:
1104 2674 1194 2704 mter
1208 2674 1434 2705 mitiorazam.
1450 2691 1494 2697 --
