1784 2967
215 253 268 294 82

647 249 773 283 LIBER
790 249 917 283 XXIV.
951 250 1045 282 CAP.
1064 249 1118 282 38.
1137 249 1191 283 39.

1474 266 1499 283 a.
1515 266 1542 284 u.
1558 258 1620 285 540.

213 359 342 394 cratos
363 354 466 393 lacus
485 353 672 404 lucosque
688 352 826 402 colitis,
846 357 890 392 ut
906 352 956 392 ita
971 352 1085 391 nobis
1104 352 1275 390 volentes
1293 351 1453 403 propitii
1470 351 1617 400 adsitis,

165 421 184 453 9
214 412 246 450 si
267 411 441 450 vitandae
462 421 542 449 non
563 409 741 448 ferendae
761 409 907 449 fraudis
930 421 1042 447 causa
1059 409 1135 447 hoc
1152 407 1289 446 consili
1308 408 1494 458 capimus.
1530 408 1617 459 plu-

213 468 320 506 ribus
340 480 421 512 vos,
440 465 593 514 milites,
610 466 798 513 hortarer,
817 466 849 505 si
867 478 952 504 cum
971 464 1127 504 armatis
1147 464 1340 503 dimicatio
1357 464 1483 503 futura
1500 469 1617 504 esset:

213 524 394 570 inermes,
417 523 594 562 incautos
612 522 657 561 ad
676 523 888 561 satietatem
904 520 1165 568 trucidabitis3
1187 525 1223 559 et
1245 519 1414 560 consulis
1436 526 1557 560 castra
1579 521 1618 560 in

214 580 434 632 propinquo
453 583 556 625 sunt,
579 591 627 617 ne
644 579 733 630 quid
752 579 798 617 ab
816 577 1029 616 Himilcone
1045 582 1082 615 et
1098 576 1475 628 Carthaginiensibus
1492 577 1618 616 timeri

136 640 188 680 39
216 635 382 688 possit“.
414 636 469 674 Ab
482 635 553 674 hac
564 633 995 674 adhortationedimissi
1015 646 1177 684 corpora
1195 638 1344 673 curant.
1382 638 1542 684 postero
1559 634 1619 672 die

216 693 276 732 alii
312 693 394 731 aliis
422 691 517 731 locis
545 692 591 731 ad
622 691 833 730 obsidenda
856 690 990 730 itinera
1014 690 1323 741 claudendosque
1345 689 1517 742 oppositi
1538 690 1618 728 exi-

214 754 276 788 tus
296 761 387 800 pars
404 748 569 787 maxima
587 760 704 799 super
720 748 913 786 theatrum
932 747 1121 797 circaque,
1144 746 1297 786 adsuetiv
1309 751 1346 785 et
1361 748 1448 786 ante
1465 751 1616 798 specta-

166 818 184 849 2
216 805 300 844 culo
325 805 565 850 contionum,
590 804 820 843 consistunt.
861 803 1077 855 productus
1100 804 1147 842 ad
1169 804 1356 855 populum
1376 816 1395 842 a
1412 804 1616 853 magistra-

215 862 316 901 tibus
340 862 555 912 praefectus
578 861 778 899 Romanus
802 872 889 898 cum
911 860 1081 899 consulis
1104 860 1149 898 de
1171 873 1211 899 ea
1233 872 1275 899 re
1295 860 1356 898 ius
1378 872 1421 898 ac
1441 864 1616 910 potesta-
1647 869 1687 900 10

165 928 183 960 3
213 923 290 957 tem
319 931 423 963 esse,
452 929 531 955 non
555 929 679 963 suam,
701 921 738 955 et
757 916 938 968 pleraque
960 916 1093 955 eadem
1117 928 1214 967 quae
1234 916 1357 968 pridie
1379 915 1556 962 dixisset,
1585 923 1619 955 et

213 974 339 1026 primo
369 973 515 1012 sensim
545 986 589 1012 ac
615 972 745 1024 plures
773 973 932 1011 reddere
960 973 1103 1019 claves,
1137 973 1224 1011 dein
1251 973 1325 1012 iam
1354 985 1429 1011 una
1457 985 1551 1011 voce
1578 972 1616 1011 id

214 1043 350 1069 omnes
372 1030 545 1068 iuberent
573 1029 843 1080 cunctantique
864 1035 900 1068 et.
923 1029 1112 1068 differenti
1140 1029 1320 1068 ferociter
1348 1028 1617 1068 minitarentur

213 1099 285 1125 nec
312 1086 534 1125 viderentur
560 1086 657 1124 ultra
684 1086 759 1123 vim
788 1085 960 1124 ultimam
983 1086 1156 1134 dilaturi,
1185 1090 1266 1125 tum
1289 1085 1504 1137 praefectus
1526 1090 1615 1135 toga

164 1149 184 1181 4
215 1143 381 1193 signum,
403 1148 447 1181 ut
469 1147 709 1187 convenerat,
733 1142 847 1188 dedit,
870 1142 1088 1193 militesque
1109 1142 1246 1181 intenti
1268 1142 1413 1181 dudum
1436 1155 1479 1181 ac
1495 1141 1616 1193 parati

213 1199 272 1238 alii
301 1211 468 1250 superne
495 1201 536 1236 in
561 1211 733 1237 aversam
769 1199 992 1237 contionem
1020 1199 1188 1237 clamore
1217 1199 1366 1237 sublato
1394 1199 1615 1245 decurrunt,

165 1266 183 1296 5
213 1256 273 1294 alii
309 1256 353 1294 ad
390 1255 513 1294 exitus
544 1255 681 1293 theatri
713 1255 877 1293 conferti
905 1255 1111 1293 obsistunt.
1158 1256 1370 1294 caeduntur
1398 1255 1614 1293 Hennensis

215 1325 327 1350 cavea
350 1312 504 1358 inclusi,
526 1316 878 1362 coacervanturque
899 1323 977 1350 non
1001 1312 1115 1350 caede
1138 1311 1265 1350 solum
1288 1312 1354 1350 sed
1377 1311 1490 1350 etiam
1512 1311 1613 1362 fuga,

201 1413 306 1454 serni
330 1412 378 1453 10,
402 1412 454 1450 28,
477 1412 533 1450 173
560 1412 612 1450 31,
632 1411 685 1452 30,
703 1412 733 1443 4.
756 1431 801 1435 —
830 1414 881 1443 ita

211 1459 302 1498 —sz',
321 1467 347 1488 c.
364 1456 473 1497 16,13.
490 1457 607 1489 volent.
629 1467 695 1500 pin,
714 1467 741 1488 c.
757 1457 810 1497 21,
828 1457 879 1489 10.

210 1502 444 1543 —sw-endae,
464 1513 490 1533 s.
510 1502 561 1543 23,
577 1503 607 1540 9,
623 1502 652 1542 5,
672 1502 738 1542 vgl.
756 1501 808 1543 39,
825 1503 877 1542 50,

212 1547 242 1586 7,
260 1547 465 1587 gewo'hulich
483 1548 623 1588 inferre.

256 1593 286 1623 9.
314 1592 447 1635 plurib„
465 1602 490 1623 s.
510 1594 538 1634 9,
554 1592 607 1631 37,
624 1593 653 1624 7.
671 1610 716 1615 -—-
732 1594 877 1624 inermes

211 1641 287 1675 etc„
305 1638 362 1667 das
382 1637 576 1679 Asyndeton
596 1641 724 1668 ersetzt
738 1638 789 1668 die
804 1638 873 1669 Ad-

209 1682 517 1723 versativpartikcl.
535 1700 579 1705 —
595 1682 642 1713 ad
652 1685 726 1724 sat„
744 1682 774 1721 S,
791 1683 820 1723 7,
837 1682 872 1714 6:

209 1726 254 1758 ad
270 1726 435 1768 Regilltmz
461 1727 506 1758 ad
520 1730 710 1758 satietatem
727 1731 874 1759 vestram

206 1775 446 1815 pugnavimus·
469 1790 514 1795 —
539 1772 673 1811 trucid„
692 1782 718 1803 s.
744 1773 800 1812 25,
822 1773 872 1812 16,

214 1817 264 1847 lu.
283 1834 327 1840 —
352 1820 384 1848 et
401 1817 526 1849 consul.
545 1822 607 1848 etc.
626 1819 716 1848 dient
734 1828 796 1848 nur
813 1828 874 1848 zur

209 1861 417 1901 Beruhigung
442 1863 500 1893 der
524 1862 699 1899 Soldateu3
727 1873 789 1894 von
813 1864 874 1894 der

209 1905 294 1937 That
319 1908 423 1938 selbst
448 1908 536 1938 hatte
556 1918 591 1938 es
609 1908 761 1939 abhauen
780 1908 873 1939 miis-

208 1962 277 1982 sen.
305 1951 353 1983 Zu
372 1953 443 1983 deni
462 1957 573 1983 ersten
592 1952 684 1983 'l'heil
705 1953 764 1984 der
780 1952 871 1985 Rede

208 1995 228 2037 ξ
251 1997 330 2027 1-ῖ
353 1998 395 2028 ist
415 1997 444 2036 Τ,
464 1997 505 2027 36
525 2009 564 2028 zu
582 1998 804 2037 vei-gleichen.

254 2034 318 2072 39.
344 2042 373 2072 1.
407 2044 446 2073 ab
464 2043 524 2072 lmc
541 2042 636 2083 adh„
666 2053 692 2073 s.
711 2053 737 2074 c.
758 2043 811 2082 22,
830 2044 869 2082 63

206 2085 259 2127 2⁸³¹,
282 2087 331 2124 19,
352 2088 386 2117 9ε
412 2088 452 2118 ab
477 2088 538 2118 huc
561 2088 804 2119 cohortatione.
828 2107 872 2111 —-

206 2131 391 2171 theatrum,
414 2142 439 2162 s.
459 2131 537 2162 Tac.
558 2132 593 2162 H.
614 2134 643 2172 2,
664 2132 721 2163 ὅθι
748 2134 872 2164 Antio-

206 2176 377 2207 chensium
401 2178 570 2208 theatrum
594 2179 789 2219 ingressus,
815 2181 873 2210 ulti

205 2220 269 2252 illis
295 2222 375 2257 (wie
400 2222 582 2263 'uberhaupt
605 2223 664 2253 der
687 2222 868 2263 Griechen)

206 2266 398 2298 consultare
414 2277 487 2297 Δηιω·
506 2270 573 2305 est,
599 2268 666 2307 vgl.
687 2268 722 2298 L.
742 2267 794 2307 33,
815 2268 868 2306 23,

205 2311 241 2341 4:
268 2310 320 2347 359,
342 2311 394 2349 49,
424 2312 472 2343 10.
494 2330 538 2335 —
563 2313 699 2353 circam,
724 2314 791 2352 vgl.
815 2314 870 2354 25,

206 2357 234 2393 ἡ,
256 2358 293 2394 ti,
318 2356 347 2395 5,
373 2356 425 2395 35,
444 2356 482 2394 4;
509 2356 561 2395 29,
583 2357 632 2395 19,
656 2358 705 2388 14).
723 2376 768 2381 —
791 2369 868 2402 spe—

205 2403 306 2439 ctac„
331 2412 370 2432 an
395 2402 451 2432 das
476 2401 687 2435 Zuscliziuen,
707 2402 736 2440 2,
759 2403 811 2443 31,
831 2403 867 2434 3:

205 2445 296 2477 loeus
313 2446 359 2477 ad
376 2447 600 2489 spectaculum
620 2447 729 2478 (latus.

251 2490 361 2522 2—3.
392 2492 561 2534 precinct„
590 2493 651 2523 wie
671 2493 699 2522 iu
719 2492 799 2523 Rom
817 2494 868 2524 (lie

205 2535 403 2572 Magistrum
440 2538 508 2578 (lie,
549 2537 693 2568 wclchen
729 2538 776 2568 sic
811 2539 868 2569 das

205 2580 307 2611 worm
325 2582 426 2619 geben
444 2583 564 2613 wollen
585 2582 774 2623 vorfiihren,
793 2593 819 2613 s.
837 2583 866 2620 3,

205 2624 258 2665 64,
280 2626 316 2664 ῖς
337 2627 401 2666 vgl.
431 2627 488 2661 27,
515 2627 572 2668 51,
598 2628 632 2658 5:
660 2627 808 2659 traducti
835 2630 867 2658 in

204 2673 391 2703 contionem
423 2672 538 2713 legati.
572 2690 616 2695 —
654 2675 865 2716 potestatem,

951 1421 1097 1452 genauer
1119 1412 1350 1443 bestimmend:
1385 1412 1436 1443 die
1462 1412 1614 1443 aiutliche

953 1456 1095 1494 Gewalt,
1115 1467 1142 1488 c.
1159 1456 1211 1495 37,
1227 1458 1257 1488 9.
1272 1475 1315 1479 —
1332 1457 1489 1497 (limfa-set,
1507 1458 1614 1488 davon

951 1502 995 1533 ist
1013 1503 1139 1533 sowohl
1157 1503 1217 1533 der
1233 1512 1301 1533 acc.
1317 1513 1344 1533 c.
1361 1502 1416 1533 inf.
1432 1503 1481 1533 als
1499 1502 1614 1534 eadem

950 1547 1122 1587 abhiiugig.
1148 1566 1193 1569 —
1220 1549 1362 1588 sensim,
1389 1548 1478 1579 nicht
1500 1547 1616 1579 auffal-

949 1592 1041 1629 lcnd,
1067 1603 1094 1623 s.
1113 1592 1143 1631 2,
1163 1592 1194 1632 2,
1213 1593 1250 1630 43
1275 1592 1316 1624 ib.
1332 1593 1385 1632 45,
1408 1592 1463 1632 11,
1494 1593 1533 1624 da
1553 1603 1614 1623 nur

949 1637 1057 1677 einige
1083 1638 1154 1668 hier
1177 1638 1241 1668 und
1266 1638 1305 1669 da
1326 1637 1440 1669 riefe'n.
1471 1648 1509 1669 ac
1523 1638 1613 1681 plur.

944 1683 1009 1713 und
1030 1683 1108 1713 nach
1132 1683 1197 1714 und
1216 1684 1294 1714 nach
1313 1683 1474 1713 mehrere.
1499 1682 1613 1714 lndess

946 1728 990 1758 ist
1007 1728 1066 1758 der
1083 1727 1255 1759 Ausdruck
1271 1728 1524 1767 ungewh'hnlich
1544 1728 1610 1759 und

946 1773 999 1804 die
1019 1773 1092 1804 Hss.
1112 1773 1214 1804 haben
1233 1783 1272 1804 ac
1289 1773 1377 1815 μίας,
1402 1773 1491 1804 viell.
1510 1784 1548 1804 ac
1564 1773 1610 1804 le-

945 1820 1034 1858 nius,
1053 1819 1132 1849 doch
1151 1818 1266 1849 wiirde
1283 1820 1384 1862 pauci
1400 1828 1612 1858 angemesse-

947 1873 1007 1894 ner
1024 1864 1105 1904 sein,
1124 1873 1148 1894 s.
1169 1863 1221 1903 36,
1240 1862 1291 1905 33,
1310 1863 1345 1894 4:
1370 1865 1483 1906 primo
1499 1866 1607 1907 pauci,

945 1911 1066 1951 postea
1083 1909 1207 1951 plures.
1222 1927 1260 1930 —
1281 1909 1317 1940 id
1334 1909 1529 1940 wiederholt
1547 1909 1608 1939 den

947 1952 1127 1985 Gedanken
1146 1953 1286 1985 reddere
1303 1958 1384 1994 etc.,
1405 1964 1430 1984 S.
1450 1953 1502 1993 31,
1522 1953 1552 1993 6,
1570 1953 1609 1992 3;

945 1998 998 2038 35,
1015 1998 1067 2038 32,
1086 1999 1098 2029 1
1119 2010 1151 2029 u.
1166 2009 1195 2029 a.
1213 2017 1258 2022 —
1275 1998 1418 2040 differ-12,
1438 1999 1488 2038 25,
1504 1998 1557 2037 25,
1572 1998 1609 2037 3;

945 2044 975 2081 (5,
998 2044 1049 2084 14,
1070 2043 1127 2081 13;
1155 2043 1296 2075 dilaturi
1316 2044 1442 2075 scheint
1465 2043 1611 2074 absicht-

944 2088 1008 2119 lich
1027 2088 1365 2129 gegeniihcrgestellt.

1002 2133 1245 2175 4—5Aud1mt,
1272 2134 1372 2164 schon
1392 2134 1464 2164 eine
1485 2133 1608 2165 W'eile.

943 2195 988 2201 ——-
1004 2189 1165 2221 superne,
1193 2179 1249 2209 das
1269 2178 1415 2210 Theater
1432 2179 1476 2210 ist
1492 2189 1532 2210 un
1550 2179 1609 2210 der

943 2224 1097 2264 Anho'he,
1119 2223 1178 2254 auf
1191 2225 1250 2255 der
1267 2224 1318 2254 dic
1338 2224 1426 2264 Burg
1442 2225 1548 2263 steht,
1568 2234 1609 2254 zu

944 2268 1088 2307 denken,
1113 2269 1175 2299 wie
1206 2270 1236 2300 in
1267 2269 1436 2300 iuehreren
1467 2269 1608 2309 griechi-

944 2314 1042 2345 schen
1063 2313 1218 2353 Stiidtcn3
1246 2315 1296 2345 die
1321 2314 1508 2345 Sitzreihen
1535 2314 1607 2345 sind

943 2359 974 2389 in
997 2359 1057 2389 den
1076 2358 1196 2390 Felsen
1223 2360 1385 2399 gehancti,
1411 2360 1461 2390 die
1480 2359 1607 2390 Orche-

943 2409 1030 2443 stra,
1057 2414 1120 2435 von
1147 2405 1206 2435 dcr
1223 2415 1280 2435 aus
1298 2404 1450 2436 Pinarius
1470 2404 1604 2446 spricht,

944 2449 1033 2479 steht
1051 2449 1079 2479 in
1100 2450 1171 2480 (lem
1190 2454 1348 2490 unteren,
1367 2451 1426 2481 der
1445 2450 1531 2489 Burg
1548 2449 1605 2480 ab-

942 2495 1159 2533 gewendeteu
1179 2494 1312 2534 Thcile,
1342 2495 1422 2526 nach
1447 2495 1510 2525 ihm
1534 2494 1605 2525 sind

941 2539 992 2569 die
1023 2538 1176 2570 Zuhiirer
1205 2541 1448 2582 hingewendet,
1478 2539 1603 2570 welche

937 2583 1026 2623 jetzt
1050 2595 1112 2616 von
1144 2585 1290 2616 ohenher
1317 2585 1388 2617 also
1408 2585 1448 2616 im
1467 2584 1600 2616 Riicken

940 2628 1123 2660 iiberfullen
1143 2631 1287 2663 werden.
1306 2649 1350 2652 —
1374 2631 1557 2668 Hennens.,
1577 2639 1602 2660 s.

941 2683 969 2704 c.
987 2672 1046 2714 32,
1063 2674 1092 2705 2.
1120 2694 1159 2698 —
1187 2686 1289 2707 cavea
1319 2675 1370 2707 die
1394 2675 1603 2707 Zuschauer-

1646 588 1665 619 5

1647 1149 1686 1180 15
