1784 2967
48 870 88 902 10

42 1151 80 1183 15

121 272 147 289 a.
164 264 215 289 Ch.
230 264 291 290 207.

570 252 698 285 LIBER
722 251 864 284 XXVII.
903 252 994 285 CAP.
1021 254 1074 286 -14,

1442 255 1518 293 107

119 357 248 407 tisque
280 355 450 403 fuerant3
486 367 610 407 neque
646 355 738 394 satis
771 354 971 394 constabat
997 355 1155 402 animis,
1191 360 1269 394 tam
1298 355 1422 395 audax
1447 356 1519 394 iter

118 474 193 516 est,
222 481 267 507 ex
289 474 426 508 eventu
446 469 587 508 famam
610 467 851 507 habiturum:
882 472 1004 506 castra
1026 480 1150 519 prope
1171 469 1422 508 Hannibalem
1444 469 1516 508 ho-
1548 475 1566 507 2

117 529 216 563 stem
244 525 372 564 relicta
401 525 484 564 sine
511 525 625 571 duce,
655 536 742 563 cum
764 523 943 570 exercitu,
971 524 1030 562 cui
1051 524 1263 563 detractum
1283 525 1384 564 foret
1405 537 1520 564 omne

117 582 220 632 quod
242 582 408 629 roboris,
429 581 531 633 quod
554 581 661 619 floris
682 580 816 625 fuerit,
840 585 877 619 et
898 580 1100 619 consulem
1122 581 1162 619 in
1182 581 1360 620 Lucanos
1384 586 1519 620 osten-

116 638 219 676 disse
239 637 331 684 iter,
362 650 448 677 cum
470 637 658 676 Picenum
680 642 717 675 et
739 636 895 675 Galliam
917 642 1075 689 peteret,
1098 642 1221 676 castra
1242 638 1517 689 relinquentem
1548 645 1567 677 3

114 694 215 733 nulla
243 695 312 732 alia
341 706 382 732 re
409 693 550 732 tutiora
581 706 695 744 quam
718 705 849 732 errore
870 693 1016 740 hostis,
1047 693 1112 744 qui
1135 694 1271 732 ducem
1295 694 1385 733 inde
1406 700 1518 745 atque

114 750 303 789 exercitus
332 754 481 801 partem
514 749 650 788 abesse
677 750 890 800 ignoraret3
918 749 1008 800 quid
1037 749 1235 796 futurum,
1267 750 1296 788 si
1329 751 1366 789 id
1394 751 1517 801 palam
1549 760 1568 790 4

114 807 198 853 fiat,
229 812 265 845 et
286 812 350 845 aut
376 806 529 857 insequi
550 807 744 845 Neronem
777 818 864 845 cum
887 818 954 844 sex
975 806 1142 845 millibus
1165 811 1400 845 armatorum
1422 819 1517 858 pro—

112 862 255 901 fectum
278 863 465 902 Hannibal
487 867 569 901 toto
603 862 771 902 exercitu
787 862 876 901 velit
904 869 969 901 aut
996 868 1119 902 castra
1146 862 1325 901 invadere
1352 863 1518 914 praedae

112 919 242 958 relicta
264 919 347 958 sine
363 919 520 966 viribus,
543 919 626 958 sine
643 919 820 970 imperio,
844 919 926 957 sine
943 917 1146 970 auspicio?
1167 924 1313 958 veteres
1332 920 1414 958 eius
1430 919 1519 958 belli
1549 930 1566 961 5

114 975 262 1022 clades,
291 976 366 1014 duo
398 976 579 1014 consules
609 976 788 1026 proximo
817 987 917 1013 anno
949 975 1135 1014 interfecti
1160 975 1375 1021 terrebant3
1411 981 1448 1014 et
1475 988 1517 1014 ea

114 1032 244 1070 omnia
267 1032 463 1078 accidisse,
486 1044 573 1070 cum
594 1044 696 1070 unus
717 1032 929 1082 imperator
949 1044 1050 1070 unus
1074 1032 1263 1070 exercitus
1285 1031 1458 1070 hostium
1480 1031 1519 1070 in

111 1086 215 1126 Italia
236 1094 358 1127 esset:
381 1100 486 1127 nunc
507 1089 583 1127 duo
606 1088 698 1126 bella
715 1088 859 1126 Punica
879 1088 989 1132 facta,
1014 1088 1112 1126 duos
1129 1088 1296 1138 ingentis
1314 1088 1517 1134 exereitus,

113 1144 211 1182 duos
247 1156 371 1196 prope
402 1144 633 1183 Hannibales
662 1145 701 1182 in
726 1144 829 1182 Italia
857 1156 953 1182 esse.
1002 1145 1146 1195 quippe
1173 1150 1210 1182 et
1236 1144 1517 1183 Hasdrubalem
1547 1156 1566 1187 6

109 1206 217 1251 patre
240 1201 379 1239 eodem
402 1201 613 1240 Hamilcare
634 1200 817 1250 genitum,
839 1213 957 1251 aeque
979 1200 1175 1252 inpigrum
1196 1201 1346 1247 ducem,
1369 1212 1439 1251 per
1458 1205 1517 1238 tot

109 1269 232 1295 annos
260 1257 298 1295 in
328 1257 513 1308 Hispania
540 1258 718 1295 Romano
748 1257 994 1295 exercitatum
1027 1257 1144 1303 bello,
1182 1257 1331 1306 gemina
1358 1257 1517 1295 victoria

107 1312 297 1363 insignem
335 1313 486 1352 duobus
524 1313 751 1351 exercitibus
789 1325 875 1351 cum
912 1313 1135 1351 clarissimis
1172 1313 1331 1352 ducibus
1367 1313 1513 1352 deletis.

106 1380 196 1408 nam
224 1368 372 1408 itineris
401 1369 554 1420 quidem
585 1368 773 1407 celeritate
794 1382 839 1407 ex
859 1369 1042 1420 Hispania
1064 1375 1100 1408 et
1121 1369 1322 1408 concitatis
1344 1370 1390 1408 ad
1410 1382 1517 1409 arma
1546 1377 1563 1407 7

107 1504 314 1543 eingetreten
333 1504 388 1535 ist.
402 1522 445 1526 —
460 1507 616 1536 constare
629 1514 694 1543 an„
709 1503 776 1543 vgl.

107 1548 137 1588 8,
158 1548 209 1589 19,
228 1548 262 1580 ὅτ
281 1549 440 1581 Vitruvio
457 1559 516 1581 nec
532 1567 577 1572 —
593 1559 678 1580 sana
696 1558 776 1580 con-

105 1596 198 1626 stare
219 1604 331 1632 mens3
363 1595 399 1634 ὃ,
423 1594 483 1633 42,
507 1593 540 1625 3:
572 1605 614 1626 ne
635 1595 777 1626 auribus

105 1638 236 1681 quidem
259 1641 359 1681 atque
383 1639 487 1671 oculis
504 1641 589 1671 sotis
607 1642 774 1671 constare.

106 1685 298 1725 —famam
312 1685 356 1723 Ιι.,
370 1685 481 1716 werde
496 1684 676 1715 beurtheilt
688 1694 775 1715 wer-

108 1729 187 1768 den,
212 1728 280 1760 Lob
304 1730 384 1760 oder
401 1728 506 1760 Tadel
531 1728 696 1760 erfahren.
731 1728 775 1760 Im

107 1773 202 1814 Folg.
221 1775 292 1805 sind
305 1774 378 1805 vier
391 1773 527 1805 Classen
541 1784 604 1805 von
619 1773 776 1806 Griinden

106 1819 308 1859 angegeben‚
322 1819 448 1850 welche
462 1819 520 1850 das
533 1818 777 1851 Unternehmen

108 1865 158 1895 als
176 1862 363 1904 gefahrvoll
381 1864 573 1895 erscheinen
592 1864 712 1895 lassen.

155 1909 265 1940 2—4.
300 1909 359 1940 Die
383 1907 587 1948 gefiihrliche
613 1908 720 1948 Lage,
744 1910 776 1940 in

107 1954 255 1986 welcher
266 1953 373 1985 Neros
392 1953 480 1985 Heer
498 1954 565 1985 sich
584 1953 777 1985 befinde.-—

105 1999 213 2040 floris,
229 1999 391 2030 bliihende
411 1998 629 2038 Mannschaft,
648 2009 674 2029 s.
695 1999 724 2038 8,
744 1999 776 2040 8,

109 2044 140 2075 6.
162 2062 208 2067 —-
229 2043 431 2084 ostendisse,
456 2055 528 2089 zpm
555 2044 693 2075 Scheine
718 2054 775 2084 ge-

108 2090 214 2130 zeigt,
232 2089 284 2120 ein
302 2090 600 2129 untergeordnetes
619 2088 776 2121 Moment.

107 2134 199 2166 nulla
214 2152 259 2156 —
276 2144 410 2173 errore,
430 2135 531 2165 durch
550 2134 656 2165 nichts
677 2138 776 2173 (etwa

108 2179 166 2210 das
182 2178 268 2209 Heer
285 2179 399 2218 selbst‚
415 2180 472 2210 das
486 2178 626 2210 Terrain
640 2189 671 2210 u.
682 2189 708 2210 s.
720 2181 775 2220 w.)

108 2223 201 2255 mehr
223 2224 332 2254 sicher
355 2224 403 2254 als
429 2224 530 2255 durch
547 2235 579 2254 u.
599 2234 625 2255 s.
643 2234 701 2264 ενι,
724 2235 775 2256 am

109 2269 293 2300 sichersten
327 2269 446 2306 durch3
480 2269 775 2301 nachdriicklicher

108 2314 158 2345 als
172 2313 230 2344 das
238 2313 459 2353 gewtihnliche
473 2323 590 2345 errore
607 2314 638 2344 Ιι.
649 2316 775 2347 tutiora

107 2369 207 2401 quam
226 2363 308 2397 ete,
326 2369 351 2389 s.
371 2357 401 2398 3,
423 2358 473 2397 19,
492 2359 529 2388 4:
553 2368 618 2389 non
636 2360 668 2390 in
681 2359 775 2402 plebe

107 2421 153 2426 —
169 2414 267 2445 quom
284 2405 315 2434 ιή
333 2405 453 2434 senatu
469 2403 668 2445 castigando
682 2405 776 2436 velte-

108 2458 183 2480 men
189 2450 268 2487 tior,
285 2448 315 2487 9,
325 2447 378 2488 33,
389 2448 423 2479 5:
437 2450 535 2479 necin
546 2448 667 2490 vulgus
676 2460 776 2491 quam

111 2495 236 2536 optimo
259 2495 376 2535 cuique
395 2495 595 2534 gratiorem.
618 2511 662 2516 -
686 2496 775 2525 inse-

110 2540 168 2580 qui
178 2542 250 2578 etc„
265 2538 340 2569 dass
355 2538 405 2569 ein
421 2540 502 2569 noch
517 2539 599 2569 iiber
612 2538 771 2570 3000οΜ.

111 2582 244 2614 starkes
254 2583 776 2623 HeerimLagerblieb,istiiber-

111 2637 252 2668 gangen,
284 2638 311 2659 s.
338 2627 358 2670 ξ
388 2628 437 2659 10.
464 2646 508 2650 ——
527 2628 693 2672 praellae,
723 2639 776 2661 um

110 2672 202 2704 seine
212 2672 312 2705 Beute
327 2683 368 2704 zu
382 2674 529 2705 werden.
543 2690 587 2696 -—
599 2675 671 2705 εἰπε
682 2675 776 2718 imp„

848 1505 958 1536 dieses
976 1505 1066 1536 hatte
1086 1515 1146 1535 nur
1160 1505 1219 1535 der
1232 1504 1516 1536 commandirende

848 1549 1023 1581 Feldherr.
1060 1552 1132 1581 sine
1164 1560 1276 1592 ausp.,
1310 1550 1391 1581 auch
1426 1550 1516 1581 diese

849 1595 962 1626 hatten
993 1595 1034 1626 im
1057 1595 1160 1626 Felde
1190 1605 1251 1625 nur
1280 1595 1331 1626 die
1355 1595 1513 1626 hochsten

846 1640 1043 1680 Magistrate
1088 1640 1316 1680 (Dictatoren,
1360 1640 1517 1679 Consulti,

847 1684 1040 1724 Pr'atoren),
1064 1685 1144 1716 aber
1161 1690 1260 1716 unter
1278 1686 1378 1716 deren
1392 1686 1517 1727 Auspi-

849 1730 918 1761 cien
943 1730 1087 1761 konnten
1114 1730 1165 1761 die
1189 1730 1337 1770 Legaten
1363 1731 1394 1761 in
1414 1731 1518 1761 ihrem

847 1773 1009 1814 Auftrage
1027 1775 1185 1814 handeln,
1204 1785 1231 1806 s.
1248 1774 1303 1815 21,
1321 1774 1374 1814 40,
1395 1774 1431 1813 33
1457 1776 1517 1806 da—

848 1820 909 1851 her
925 1820 997 1851 hier
1015 1830 1076 1850 uur
1092 1820 1298 1850 rbetorische
1313 1819 1457 1850 Forinel.

833 1906 835 1909 -
896 1885 925 1915 5.
952 1885 1012 1916 Die
1037 1883 1241 1925 gefahrvolle
1260 1885 1348 1925 Lage
1366 1884 1514 1916 Italiens.

848 1946 891 1950 -·
908 1933 1036 1962 veteres
1058 1948 1102 1952 —
1122 1932 1283 1973 proximo
1308 1941 1357 1970 α.,
1380 1930 1430 1961 als
1450 1929 1516 1961 Ge-

848 1981 986 2013 gensatz
1003 1976 1104 2006 durch
1121 1976 1172 2006 die
1187 1975 1340 2015 Stellung
1356 1975 1516 2015 gehoben,

848 2021 915 2060 vgl.
934 2032 961 2052 c.
982 2019 1034 2061 33,
1055 2020 1112 2059 103
1130 2021 1211 2051 doch
1228 2021 1271 2052 ist
1288 2021 1346 2052 das
1362 2020 1516 2062 Asynde-

849 2069 905 2097 ton
925 2066 1014 2097 nicht
1032 2066 1114 2096 ohne
1133 2065 1252 2105 Hiirte,
1275 2066 1343 2105 vgl.
1367 2076 1394 2097 c.
1414 2066 1466 2105 40,
1486 2066 1516 2097 7.

848 2129 893 2134 —
916 2121 955 2142 ea
978 2121 1084 2149 omn.‚
1108 2126 1153 2137 =
1175 2114 1302 2142 veteres
1319 2113 1352 2142 et
1367 2113 1517 2142 recentes

849 2156 969 2188 clades.
983 2174 1028 2179 —-
1041 2158 1139 2196 esset,
1155 2156 1206 2187 die
1220 2166 1323 2196 ganze
1333 2155 1410 2186 Zeit
1426 2155 1517 2196 iiber,

848 2202 879 2232 in
897 2201 1043 2232 welcher
1060 2201 1117 2231 das
1135 2201 1193 2232 mit
1213 2202 1324 2231 omnia
1340 2201 1516 2239 Angedeu-

848 2251 918 2277 tete
943 2246 1095 2286 geschah.
1120 2263 1164 2267 —
1182 2246 1267 2277 duos
1284 2250 1366 2284 etc.,
1390 2244 1519 2277 Ueber-

847 2301 933 2331 gang
951 2301 1023 2321 zum
1041 2290 1137 2330 Folg.

894 2358 988 2390 6—8.
1019 2358 1078 2389 Die
1095 2358 1287 2397 Bedeutung
1301 2357 1514 2388 Hasdrubals.

846 2423 891 2427 -—
905 2415 1013 2447 prope
1027 2404 1143 2442 Herm„
1161 2413 1188 2433 S.
1203 2403 1269 2434 Cic.
1285 2402 1373 2433 Sest.
1387 2402 1441 2441 43,
1456 2402 1515 2433 93:

848 2449 912 2481 duo
930 2450 987 2481 illa
1004 2448 1206 2491 reipublicae
1219 2448 1427 2492 paenesata,
1445 2458 1471 2480 s,
1490 2448 1514 2489 1,

848 2494 900 2533 39,
921 2494 951 2525 3.
969 2513 1012 2516 —
1027 2495 1178 2535 gemina,
1198 2503 1223 2524 s.
1244 2492 1302 2532 25,
1322 2492 1380 2531 343
1400 2492 1454 2523 36.
1472 2512 1516 2515 --

848 2550 927 2570 nam
950 2540 1040 2578 iiim,
1065 2539 1122 2569 das
1147 2549 1188 2569 zu
1205 2538 1460 2578 Begriindende:
1484 2538 1515 2568 in

848 2585 1002 2615 mancher
1029 2584 1218 2623 Beziehung
1248 2583 1338 2614 steht
1359 2593 1397 2614 er
1419 2593 1518 2623 sogar

848 2629 929 2660 iiber
947 2629 1117 2668 Hannibal,
1135 2629 1217 2659 wird
1232 2628 1320 2659 nicht
1336 2628 1516 2659 besonders

850 2674 1010 2705 erwiihnt.
1030 2692 1072 2696 —
1090 2685 1134 2705 eoe
1149 2673 1240 2717 Hlsp.
1265 2674 1384 2714 geho'rt
1401 2684 1442 2705 zu
1458 2675 1517 2706 z'tz'-
