1784 2967
223 233 303 273 362

221 339 390 385 oportet,
421 334 453 372 si
474 332 632 371 turbare
653 344 698 370 ac
724 335 827 370 statu
856 344 1013 371 movere
1040 333 1234 372 volumus.
1274 332 1402 383 itaque
1429 332 1487 371 vel
1511 336 1556 371 tu
1584 332 1639 377 ad,

673 229 801 263 LIBER
826 229 941 261 XXX.
991 229 1085 262 CAP.
1116 229 1167 263 18.

1474 247 1501 265 a.
1517 246 1547 265 u.
1564 238 1628 265 551.

218 390 344 442 prima
364 390 472 439 signa
494 387 684 439 proelium
708 388 878 435 sustine,
909 401 979 439 ego
1003 389 1184 428 inducam
1206 389 1246 427 in
1272 401 1442 440 pugnam
1470 388 1631 440 equites,

217 447 274 484 vel
296 458 365 496 ego
388 445 450 482 hic
470 444 508 482 in
531 444 665 495 prima‘
676 444 755 483 acie
775 457 857 483 rem
880 457 1023 495 geram,
1045 451 1088 484 tu
1110 450 1291 496 quattuor
1306 445 1504 496 legionum
1520 445 1631 496 equi-

169 512 189 542 5
219 507 275 540 tes
303 503 342 540 in
370 501 525 539 hostem
561 500 730 539 emitte“.
776 506 903 540 utram
938 501 1047 541 vellet
1079 507 1235 553 praetor
1269 502 1442 540 muneris
1480 506 1628 552 partem

218 556 454 609 proconsule
481 556 708 607 accipiente,
737 557 946 604 Quintilius
978 564 1134 609 praetor
1161 571 1249 597 cum
1277 558 1375 604 filio,
1412 557 1473 596 cui
1500 558 1628 596 Marco

216 624 456 664 praenomen
472 618 563 658 erat,
584 613 735 664 inpigro
754 614 891 652 iuvene
902 615 948 653 ad
962 615 1109 665 equites
1123 615 1261 666 pergit,
1273 614 1481 665 iussosque
1493 626 1631 653 escen-

170 680 190 711 6
220 670 309 708 dere
330 669 368 707 in
397 682 518 719 equos
548 675 706 720 repente
734 670 774 708 in
800 671 955 709 hostem
983 671 1133 710 emittit.
1174 671 1384 710 tumultum
1404 675 1629 721 equestrem

216 726 320 764 auxit
341 726 488 764 clamor
508 726 555 764 ab
577 725 794 777 legionibus
816 726 982 765 additus.
1023 739 1094 767 nec
1114 728 1287 766 stetisset
1312 727 1486 766 hostium
1516 727 1630 772 acies,

217 783 257 820 ni
277 782 385 833 Mago
408 782 454 820 ad
477 783 647 833 primum
672 783 844 833 equitum
867 789 1020 822 motum
1042 789 1198 834 paratos
1227 784 1454 835 elephantos
1484 788 1632 821 extem—

169 850 188 880 7
218 839 282 889 plo
304 838 343 876 in
365 838 554 889 proelium
578 839 807 878 induxisset.
844 840 888 878 ad
913 852 1081 890 quorum
1105 841 1311 879 stridorem
1335 840 1575 890 odoremque
1597 844 1634 877 et

216 900 416 945 aspectum
437 895 558 934 territi
580 896 667 946 equi
697 908 838 934 vanum
869 901 1047 946 equestre
1074 897 1255 935 auxilium
1283 897 1470 935 fecerunt.
1514 900 1551 934 et
1580 901 1630 943 ut,

215 964 297 989 rem
327 950 345 969 *
376 951 392 969 *

422 952 655 1002 permixtus,
683 952 753 991 ubi
778 953 833 990 uti
856 952 1030 1003 cuspide,
1055 952 1109 991 uti
1132 953 1351 991 comminus
1380 952 1504 1002 gladio
1534 965 1632 1003 pos-

217 1012 291 1054 set,
312 1007 467 1046 roboris
490 1008 650 1047 maioris
672 1008 876 1047 Romanus
899 1021 1016 1059 eques
1038 1014 1137 1055 erat,
1166 1009 1216 1047 ita
1238 1009 1277 1046 in
1298 1009 1465 1047 ablatum
1488 1020 1633 1058 paven-

215 1064 320 1103 tibus
349 1064 486 1114 procul
515 1064 623 1115 equis
651 1065 789 1104 melius
818 1078 862 1103 ex
900 1065 1100 1104 intervallo
1129 1064 1321 1103 Numidae
1355 1064 1633 1103 iaculabantur.

168 1129 188 1161 8
217 1120 331 1159 simul
353 1126 390 1159 et
410 1120 585 1170 peditum
606 1121 704 1170 legio
729 1121 969 1167 duodecima,
992 1133 1131 1171 magna
1153 1134 1198 1159 ex
1216 1126 1323 1171 parte
1340 1133 1462 1165 caesa,
1483 1120 1634 1171 pudore

167 1184 188 1215 9
218 1177 339 1227 magis
363 1189 476 1226 quam
500 1176 645 1215 viribus
667 1177 824 1215 tenebat
843 1177 992 1224 locum3
1019 1189 1092 1216 nec
1113 1178 1257 1216 diutius
1285 1177 1490 1223 tenuisset,
1520 1177 1559 1215 ni
1589 1189 1633 1214 ex

216 1232 399 1271 subsidiis
422 1232 533 1271 tertia
557 1233 718 1271 decuma
740 1233 838 1283 legio
861 1232 900 1271 in
922 1233 1087 1283 primam
1110 1234 1231 1272 aciem
1260 1233 1414 1272 inducta
1442 1233 1633 1284 proelium

217 1288 376 1327 dubium
399 1289 623 1339 excepisset.
662 1289 771 1339 Mago
794 1302 950 1340 quoque
972 1303 1016 1328 ex
1038 1289 1223 1329 subsidiis
1242 1289 1370 1328 Gallos
1392 1290 1563 1339 integrae
1579 1289 1635 1327 le-

148 1353 189 1385 10
218 1345 321 1395 gioni
351 1345 549 1395 opposuit.
592 1345 732 1396 quibus
754 1346 859 1384 haud
882 1357 1024 1396 magno
1047 1346 1255 1384 certamine
1281 1346 1380 1384 fusis
1411 1345 1552 1384 hastati
1577 1345 1632 1383 le—

217 1401 343 1451 gionis
366 1401 594 1440 undecimae
616 1401 851 1452 conglobant
867 1414 964 1449 sese,
987 1407 1100 1453 atque
1120 1403 1347 1453 elephantos
1363 1402 1438 1440 iam
1457 1401 1631 1452 peditum

217 1523 320 1563 Choc,
344 1534 370 1555 s.
394 1524 450 1563 10,
470 1525 504 1563 5,
525 1523 553 1554 7.
573 1541 617 1545 —
634 1526 739 1565 quatt.
757 1524 841 1565 lega,
860 1534 886 1555 s.

217 1568 270 1609 26,
290 1569 318 1608 5,
337 1568 367 1607 S,
386 1578 421 1599 es
441 1568 512 1599 sind
530 1568 596 1598 wol
613 1569 694 1598 auch
709 1569 759 1599 die
774 1568 889 1599 Reiter

215 1614 275 1644 der
292 1613 589 1653 Bundesgenossen
608 1613 767 1653 gemeint,
787 1624 813 1644 s.
833 1612 887 1653 29,

214 1658 267 1699 24,
290 1658 340 1689 14.

259 1703 370 1734 5—6.
397 1703 493 1734 vellet
517 1713 545 1734 n.
570 1703 653 1734 dare
678 1703 758 1734 oder
781 1714 817 1734 se
834 1713 889 1734 ac-

213 1750 333 1790 cipere.
362 1765 406 1770 ——
434 1749 631 1790 accipiente,
660 1749 887 1779 anzunehinen

214 1793 282 1823 sich
314 1793 421 1824 bei-eit
445 1793 566 1832 zeigte.
589 1810 634 1815 —-
656 1795 712 1825 cuz·
731 1811 777 1816 ——
801 1795 886 1833 erat,

213 1838 263 1868 ein
287 1842 424 1876 matter,
449 1838 621 1869 vielleicht
640 1838 761 1878 jedoch
785 1838 887 1870 durch

212 1882 265 1913 die
280 1882 409 1923 Quelle,
428 1883 575 1914 welcher
589 1882 623 1913 L.
645 1881 740 1923 foIgt,
760 1894 801 1914 zu
815 1888 888 1914 ent-

214 1928 468 1967 schuldigender
497 1927 640 1966 Zusatz3
674 1928 787 1959 Duker
819 1929 888 1960 hiilt

215 1973 393 2003 denselben
423 1971 476 2004 fiir
505 1974 555 2004 ein
587 1972 755 2014 Glossem,
780 1974 819 2005 da
849 1973 886 2005 L.

215 2023 309 2048 sonst
341 2019 422 2049 auch
457 2019 514 2049 das
547 2017 651 2049 Wort
682 2029 887 2062 praenomen

214 2063 302 2093 nicht
320 2063 469 2093 hraucht.
487 2081 530 2085 —›
548 2063 696 2102 ascend„
715 2074 742 2095 s.
762 2063 814 2101 23,
838 2064 887 2102 14,

214 2106 251 2144 23
276 2108 326 2138 die
352 2107 467 2138 Reiter
496 2108 598 2139 haben
630 2109 701 2139 also
730 2119 793 2139 vor
816 2109 888 2140 dem

215 2151 348 2183 Befehle
367 2163 440 2183 zum
460 2153 592 2192 Angriff
606 2154 696 2185 nicht
714 2164 755 2184 zu
769 2152 888 2185 Pserde

214 2208 385 2237 gesessen.
416 2216 460 2221 —
489 2198 534 2229 acl
557 2200 675 2240 prim„
700 2199 805 2239 gleicli
836 2198 889 2230 bei

213 2253 245 2272 u.
270 2253 295 2273 s.
320 2253 361 2273 w.
381 2261 424 2265 —
440 2246 597 2285 paratos,
617 2245 647 2274 in
668 2242 890 2275 Bereitschaft

214 2287 385 2325 gehaltem
412 2289 492 2319 doch
523 2289 608 2319 kann
634 2290 714 2320 auch
739 2290 822 2320 dazu
847 2288 892 2320 ad

213 2335 400 2373 equestrem
418 2336 545 2365 motum
565 2334 706 2373 gedacht
722 2335 868 2365 werden.

264 2377 293 2407 7.
320 2378 520 2417 stridorem,
545 2379 597 2409 bei
622 2379 783 2420 Sp'ziteren
808 2381 889 2411 bar-

217 2424 314 2453 ritus.
344 2441 386 2444 νὴ
414 2434 503 2463 rem,
534 2425 676 2455 dai-nach
707 2425 750 2455 ist
778 2425 888 2455 wahr-

218 2467 392 2498 scheinlich
414 2479 555 2509 gerens,
580 2470 661 2508 und,
687 2480 782 2500 wenn
802 2470 890 2500 nicht

214 2513 410 2552 permistus
429 2514 491 2544 wie
510 2524 548 2545 an
568 2525 596 2546 a.
617 2515 682 2553 St.,
711 2525 737 2545 s.
759 2514 816 2553 24,
835 2514 888 2552 27,

218 2556 257 2591 23
284 2555 340 2593 25,
368 2557 424 2595 14,
453 2559 507 2595 10,
532 2559 665 2590 absolut
693 2564 811 2599 gesagt
835 2560 887 2598 ist,

218 2600 276 2629 der
304 2601 386 2632 dazu
405 2604 591 2641 gebin-ende
616 2605 713 2635 Dativ
737 2606 786 2635 od.
813 2604 889 2635 Abl.

217 2645 275 2674 mit
288 2656 361 2676 cum
375 2647 592 2689 ausgefallen,
611 2650 678 2689 vgl.
693 2650 747 2688 44,
762 2649 815 2688 35,
833 2649 888 2681 12:

958 1524 1077 1565 gladio
1101 1526 1288 1555 comminus
1304 1525 1385 1565 geri
1408 1534 1481 1555 rem
1504 1525 1540 1555 in
1555 1534 1635 1566 per-

959 1570 1072 1601 miaeta
1102 1570 1216 1606 turba,
1246 1580 1309 1610 quo
1336 1568 1432 1600 miles
1460 1568 1635 1600 Romanus

960 1615 1092 1652 2¹1'7zcat3
1120 1615 1201 1645 nach
1219 1614 1395 1644 dei-selben
1417 1623 1520 1645 verm.
1540 1613 1634 1645 Mad-

960 1659 1031 1698 vig:
1051 1661 1083 1689 et
1101 1660 1185 1690 utin
1199 1660 1392 1701 permioetis.
1419 1658 1478 1689 Die
1495 1658 1634 1690 Zusam-

962 1704 1185 1743 menstellung
1198 1714 1262 1734 von
1272 1703 1522 1745 zweiParticip.
1533 1703 1637 1734 findet

962 1749 1029 1780 sich
1047 1749 1129 1779 auch
1148 1753 1254 1788 sonst,
1273 1759 1287 1779 s
1315 1748 1368 1787 29,
1384 1747 1437 1787 32,
1453 1748 1491 1787 23
1513 1747 1566 1788 23,
1581 1748 1633 1788 34,

964 1793 1018 1824 ll:
1037 1793 1267 1825 advenientem
1286 1796 1483 1836 exceptmm
1505 1793 1562 1834 10,
1581 1793 1635 1832 27,

962 1838 1000 1877 83
1021 1838 1054 1879 8,
1073 1839 1090 1869 7
1103 1863 1111 1877 ,
1133 1839 1188 1870 11:
1208 1838 1344 1881 cuspide
1360 1840 1519 1870 z'mzioeum
1536 1838 1636 1870 attol—

961 1883 1084 1914 lentem
1102 1894 1156 1921 se3
1183 1883 1241 1921 26,
1269 1883 1329 1924 39,
1356 1883 1413 1920 16;
1440 1884 1498 1922 21,
1523 1882 1584 1922 28,
1604 1883 1634 1925 5,

960 1929 1027 1968 vgl.
1060 1928 1094 1965 1,
1124 1928 1178 1970 21,
1211 1928 1238 1960 1.
1265 1947 1306 1951 —-
1337 1929 1500 1970 ablalum,
1530 1929 1636 1960 wider

962 1974 1054 2004 ihren
1070 1973 1209 2013 Willen,
1224 1973 1414 2014 Gegensatz
1429 1985 1468 2004 zu
1481 1976 1635 2016 permz'ae-

962 2021 1028 2050 ius.
1042 2037 1086 2041 ——
1098 2019 1226 2061 procul,
1244 2019 1275 2049 in
1291 2019 1341 2050 die
1355 2019 1474 2058 Ferne,
1488 2019 1634 2058 weithin,

961 2064 1028 2104 vgl.
1048 2063 1100 2102 38,
1123 2063 1172 2103 13,
1191 2065 1221 2095 5.

1008 2153 1142 2184 8—10.
1167 2153 1319 2196 peditum
1343 2153 1387 2185 ist
1410 2163 1472 2184 nur
1491 2154 1548 2185 des
1569 2153 1634 2185 Ge-

962 2202 1139 2238 gensatzes
1162 2208 1277 2238 wegen
1304 2198 1551 2239 hinzugesetzt:
1570 2209 1633 2230 von

963 2244 1075 2275 Seiten
1100 2244 1158 2274 der
1177 2243 1416 2285 Fusstruppen.
1435 2262 1478 2266 —
1493 2244 1633 2287 pudore,

963 2299 1026 2320 von
1052 2287 1234 2328 Ehrgefiihl
1257 2289 1490 2328 angetrieben,
1513 2290 1653 2321 andePS*

962 2334 1099 2372 viribus,
1118 2334 1183 2373 vgl.
1202 2345 1229 2366 c.
1251 2333 1299 2373 12,
1320 2334 1353 2368 1:
1373 2333 1426 2372 27,
1449 2334 1499 2373 12,
1520 2335 1571 2365 15.
1590 2353 1634 2357 —-

962 2390 1021 2411 nec
1043 2382 1222 2418 tenuisset,
1247 2379 1314 2419 vgl.
1339 2378 1375 2416 3,
1399 2380 1434 2416 5,
1460 2378 1490 2411 8.
1509 2397 1553 2402 —
1570 2391 1634 2411 11η-

962 2424 1117 2462 declmae,
1137 2424 1410 2455 wahrscheinlich
1425 2425 1489 2464 die,
1508 2424 1634 2455 welche

962 2470 1065 2500 neben
1081 2470 1140 2500 der
1157 2469 1207 2500 12.
1224 2469 1345 2508 Legion
1362 2470 1402 2500 im
1417 2468 1634 2501 ersteuTref-

960 2514 1013 2545 fen
1029 2515 1208 2555 gestanden
1226 2515 1289 2546 hat.
1304 2532 1347 2536 —
1359 2517 1436 2554 ϊαηι,
1456 2515 1518 2554 die,
1533 2515 1632 2545 nach—

962 2560 1033 2590 dem
1063 2561 1110 2590 sie
1139 2561 1190 2590 die
1215 2559 1330 2591 Reiter
1360 2560 1390 2590 in
1416 2559 1634 2599 Verwirrung

961 2605 1119 2644 gebracht
1141 2605 1262 2643 baben,
1286 2605 1403 2636 soweit
1428 2605 1632 2644 vorgedrun-

961 2660 1023 2690 gen
1042 2651 1123 2690 sind,
1143 2651 1219 2681 dass
1238 2650 1287 2682 sie
1304 2649 1430 2681 bereits
1448 2660 1479 2680 u.
1500 2659 1525 2681 s.
1545 2659 1588 2681 w.

1660 845 1700 878 10

1663 1125 1704 1156 15

1661 1405 1704 1437 20
