<?xml version="1.0" encoding="UTF-8"?>
<!DOCTYPE html PUBLIC "-//W3C//DTD XHTML 1.0 Transitional//EN"
    "http://www.w3.org/TR/xhtml1/DTD/xhtml1-transitional.dtd">
<html xmlns="http://www.w3.org/1999/xhtml" xml:lang="en" lang="en">
 <head>
  <title>
</title>
<meta http-equiv="Content-Type" content="text/html;charset=utf-8" />
  <meta name='ocr-system' content='tesseract 3.04.00' />
  <meta name='ocr-capabilities' content='ocr_page ocr_carea ocr_par ocr_line ocrx_word'/>
</head>
<body>
  <div class='ocr_page' id='page_1' title='image "./aburbeconditalib0506livyuoft_0604.png"; bbox 0 0 1784 2967; ppageno 0'>
   <div class='ocr_carea' id='block_1_1' title="bbox 271 641 290 673">
    <p class='ocr_par' dir='ltr' id='par_1_1' title="bbox 271 641 290 673">
     <span class='ocr_line' id='line_1_1' title="bbox 271 641 290 673; textangle 90"><span class='ocrx_word' id='word_1_1' title='bbox 271 641 290 673; x_wconf 69' lang='lat' dir='ltr'>m</span> 
     </span>
    </p>
   </div>
   <div class='ocr_carea' id='block_1_2' title="bbox 250 982 290 1015">
    <p class='ocr_par' dir='ltr' id='par_1_2' title="bbox 250 982 290 1015">
     <span class='ocr_line' id='line_1_2' title="bbox 250 982 290 1015; baseline -0.025 0"><span class='ocrx_word' id='word_1_2' title='bbox 250 982 290 1015; x_wconf 75' lang='lat'>10</span> 
     </span>
    </p>
   </div>
   <div class='ocr_carea' id='block_1_3' title="bbox 247 1204 285 1237">
    <p class='ocr_par' dir='ltr' id='par_1_3' title="bbox 247 1204 285 1237">
     <span class='ocr_line' id='line_1_3' title="bbox 247 1204 285 1237; baseline -0.026 0"><span class='ocrx_word' id='word_1_3' title='bbox 247 1204 285 1237; x_wconf 78' lang='lat'>11</span> 
     </span>
    </p>
   </div>
   <div class='ocr_carea' id='block_1_4' title="bbox 1114 194 1286 226">
    <p class='ocr_par' dir='ltr' id='par_1_4' title="bbox 1114 194 1286 226">
     <span class='ocr_line' id='line_1_4' title="bbox 1114 194 1286 226; baseline 0 0"><span class='ocrx_word' id='word_1_4' title='bbox 1114 194 1206 226; x_wconf 77' lang='lat' dir='ltr'>CAP.</span> <span class='ocrx_word' id='word_1_5' title='bbox 1232 195 1286 226; x_wconf 84' lang='lat'>40.</span> 
     </span>
    </p>
   </div>
   <div class='ocr_carea' id='block_1_5' title="bbox 758 193 1730 230">
    <p class='ocr_par' dir='ltr' id='par_1_5' title="bbox 758 193 1730 230">
     <span class='ocr_line' id='line_1_5' title="bbox 758 193 1730 230; baseline 0.005 -5"><span class='ocrx_word' id='word_1_6' title='bbox 758 193 884 225; x_wconf 84' lang='lat' dir='ltr'>LIBER</span> <span class='ocrx_word' id='word_1_7' title='bbox 908 193 1064 227; x_wconf 81' lang='lat' dir='ltr'>XXVIII.</span> <span class='ocrx_word' id='word_1_8' title='bbox 1586 212 1613 230; x_wconf 77' lang='lat' dir='ltr'>a.</span> <span class='ocrx_word' id='word_1_9' title='bbox 1626 211 1653 230; x_wconf 86' lang='lat' dir='ltr'>u.</span> <span class='ocrx_word' id='word_1_10' title='bbox 1667 204 1730 230; x_wconf 74' lang='lat'>549.</span> 
     </span>
    </p>
   </div>
   <div class='ocr_carea' id='block_1_6' title="bbox 323 195 403 235">
    <p class='ocr_par' dir='ltr' id='par_1_6' title="bbox 323 195 403 235">
     <span class='ocr_line' id='line_1_6' title="bbox 323 195 403 235; baseline 0.025 -2"><span class='ocrx_word' id='word_1_11' title='bbox 323 195 403 235; x_wconf 82' lang='lat'>218</span> 
     </span>
    </p>
   </div>
   <div class='ocr_carea' id='block_1_7' title="bbox 315 296 1731 1308">
    <p class='ocr_par' dir='ltr' id='par_1_7' title="bbox 315 296 1731 1308">
     <span class='ocr_line' id='line_1_7' title="bbox 324 296 1729 348; baseline 0.001 -13"><span class='ocrx_word' id='word_1_12' title='bbox 324 296 453 342; x_wconf 82' lang='lat' dir='ltr'>modo,</span> <span class='ocrx_word' id='word_1_13' title='bbox 476 296 541 347; x_wconf 87' lang='lat' dir='ltr'>qui</span> <span class='ocrx_word' id='word_1_14' title='bbox 557 296 603 334; x_wconf 89' lang='lat' dir='ltr'>de</span> <span class='ocrx_word' id='word_1_15' title='bbox 621 308 696 346; x_wconf 84' lang='lat' dir='ltr'>quo</span> <span class='ocrx_word' id='word_1_16' title='bbox 715 296 931 335; x_wconf 84' lang='lat' dir='ltr'>consulitur</span> <span class='ocrx_word' id='word_1_17' title='bbox 949 309 1019 335; x_wconf 91' lang='lat' dir='ltr'>suo</span> <span class='ocrx_word' id='word_1_18' title='bbox 1038 297 1126 335; x_wconf 88' lang='lat' dir='ltr'>Ioco</span> <span class='ocrx_word' id='word_1_19' title='bbox 1145 296 1236 335; x_wconf 89' lang='lat' dir='ltr'>dicit</span> <span class='ocrx_word' id='word_1_20' title='bbox 1253 297 1496 336; x_wconf 85' lang='lat' dir='ltr'>sententiam.</span> <span class='ocrx_word' id='word_1_21' title='bbox 1527 303 1641 348; x_wconf 84' lang='lat' dir='ltr'>atque</span> <span class='ocrx_word' id='word_1_22' title='bbox 1658 310 1729 348; x_wconf 86' lang='lat' dir='ltr'>ego</span> 
     </span>
     <span class='ocr_line' id='line_1_8' title="bbox 323 352 1730 394; baseline 0 -2"><span class='ocrx_word' id='word_1_23' title='bbox 323 358 470 392; x_wconf 88' lang='lat' dir='ltr'>certum</span> <span class='ocrx_word' id='word_1_24' title='bbox 495 352 615 390; x_wconf 87' lang='lat' dir='ltr'>habeo</span> <span class='ocrx_word' id='word_1_25' title='bbox 635 352 874 391; x_wconf 80' lang='lat' dir='ltr'>dissentienti</span> <span class='ocrx_word' id='word_1_26' title='bbox 894 353 987 391; x_wconf 81' lang='lat' dir='ltr'>milii</span> <span class='ocrx_word' id='word_1_27' title='bbox 1003 353 1049 392; x_wconf 88' lang='lat' dir='ltr'>ab</span> <span class='ocrx_word' id='word_1_28' title='bbox 1067 353 1138 391; x_wconf 86' lang='lat' dir='ltr'>ista</span> <span class='ocrx_word' id='word_1_29' title='bbox 1151 353 1446 392; x_wconf 78' lang='lat' dir='ltr'>festinationem</span> <span class='ocrx_word' id='word_1_30' title='bbox 1460 354 1624 394; x_wconf 83' lang='lat' dir='ltr'>Africam</span> <span class='ocrx_word' id='word_1_31' title='bbox 1636 355 1730 393; x_wconf 89' lang='lat' dir='ltr'>trai—</span> 
     </span>
     <span class='ocr_line' id='line_1_9' title="bbox 323 409 1731 460; baseline 0.001 -12"><span class='ocrx_word' id='word_1_32' title='bbox 323 409 444 448; x_wconf 86' lang='lat' dir='ltr'>ciendi</span> <span class='ocrx_word' id='word_1_33' title='bbox 467 409 628 447; x_wconf 86' lang='lat' dir='ltr'>duarum</span> <span class='ocrx_word' id='word_1_34' title='bbox 652 421 783 447; x_wconf 87' lang='lat' dir='ltr'>rerum</span> <span class='ocrx_word' id='word_1_35' title='bbox 806 409 1049 448; x_wconf 75' lang='lat' dir='ltr'>subeundam</span> <span class='ocrx_word' id='word_1_36' title='bbox 1075 410 1300 460; x_wconf 82' lang='lat' dir='ltr'>opinionem</span> <span class='ocrx_word' id='word_1_37' title='bbox 1319 423 1423 448; x_wconf 88' lang='lat' dir='ltr'>esse:</span> <span class='ocrx_word' id='word_1_38' title='bbox 1447 411 1572 455; x_wconf 90' lang='lat' dir='ltr'>unius,</span> <span class='ocrx_word' id='word_1_39' title='bbox 1593 410 1731 449; x_wconf 86' lang='lat' dir='ltr'>insitae</span> 
     </span>
     <span class='ocr_line' id='line_1_10' title="bbox 322 461 1726 517; baseline 0.001 -14"><span class='ocrx_word' id='word_1_40' title='bbox 322 465 472 515; x_wconf 79' lang='lat' dir='ltr'>ingenio</span> <span class='ocrx_word' id='word_1_41' title='bbox 504 461 589 503; x_wconf 77' lang='lat' dir='ltr'>meo</span> <span class='ocrx_word' id='word_1_42' title='bbox 620 465 896 512; x_wconf 86' lang='lat' dir='ltr'>cunctationis,</span> <span class='ocrx_word' id='word_1_43' title='bbox 932 479 1044 517; x_wconf 87' lang='lat' dir='ltr'>quam</span> <span class='ocrx_word' id='word_1_44' title='bbox 1075 472 1220 504; x_wconf 90' lang='lat' dir='ltr'>metum</span> <span class='ocrx_word' id='word_1_45' title='bbox 1249 466 1520 517; x_wconf 80' lang='lat' dir='ltr'>pigritiamque</span> <span class='ocrx_word' id='word_1_46' title='bbox 1547 466 1726 505; x_wconf 89' lang='lat' dir='ltr'>homines</span> 
     </span>
     <span class='ocr_line' id='line_1_11' title="bbox 320 522 1727 573; baseline 0.001 -14"><span class='ocrx_word' id='word_1_47' title='bbox 320 522 583 560; x_wconf 74' lang='lat' dir='ltr'>adulescentes</span> <span class='ocrx_word' id='word_1_48' title='bbox 602 534 693 560; x_wconf 87' lang='lat' dir='ltr'>sane</span> <span class='ocrx_word' id='word_1_49' title='bbox 709 522 910 573; x_wconf 78' lang='lat' dir='ltr'>appellent,</span> <span class='ocrx_word' id='word_1_50' title='bbox 934 523 1026 561; x_wconf 92' lang='lat' dir='ltr'>dum</span> <span class='ocrx_word' id='word_1_51' title='bbox 1044 534 1091 560; x_wconf 87' lang='lat' dir='ltr'>ne</span> <span class='ocrx_word' id='word_1_52' title='bbox 1109 523 1299 573; x_wconf 85' lang='lat' dir='ltr'>paeniteat</span> <span class='ocrx_word' id='word_1_53' title='bbox 1314 523 1440 562; x_wconf 89' lang='lat' dir='ltr'>adhuc</span> <span class='ocrx_word' id='word_1_54' title='bbox 1456 523 1618 562; x_wconf 87' lang='lat' dir='ltr'>aliorum</span> <span class='ocrx_word' id='word_1_55' title='bbox 1637 535 1727 573; x_wconf 86' lang='lat' dir='ltr'>spe-</span> 
     </span>
     <span class='ocr_line' id='line_1_12' title="bbox 320 578 1728 630; baseline 0.001 -14"><span class='ocrx_word' id='word_1_56' title='bbox 320 578 486 617; x_wconf 84' lang='lat' dir='ltr'>ciosiora</span> <span class='ocrx_word' id='word_1_57' title='bbox 514 579 640 629; x_wconf 91' lang='lat' dir='ltr'>primo</span> <span class='ocrx_word' id='word_1_58' title='bbox 663 584 822 629; x_wconf 84' lang='lat' dir='ltr'>aspectu</span> <span class='ocrx_word' id='word_1_59' title='bbox 845 579 1006 618; x_wconf 84' lang='lat' dir='ltr'>consilia</span> <span class='ocrx_word' id='word_1_60' title='bbox 1028 591 1184 630; x_wconf 84' lang='lat' dir='ltr'>semper</span> <span class='ocrx_word' id='word_1_61' title='bbox 1206 579 1307 625; x_wconf 83' lang='lat' dir='ltr'>visa,</span> <span class='ocrx_word' id='word_1_62' title='bbox 1336 592 1421 618; x_wconf 78' lang='lat' dir='ltr'>mea</span> <span class='ocrx_word' id='word_1_63' title='bbox 1453 591 1525 618; x_wconf 89' lang='lat' dir='ltr'>usu</span> <span class='ocrx_word' id='word_1_64' title='bbox 1551 579 1728 624; x_wconf 80' lang='lat' dir='ltr'>meliora;</span> 
     </span>
     <span class='ocr_line' id='line_1_13' title="bbox 319 634 1727 686; baseline 0.001 -13"><span class='ocrx_word' id='word_1_65' title='bbox 319 634 492 680; x_wconf 85' lang='lat' dir='ltr'>alterius,</span> <span class='ocrx_word' id='word_1_66' title='bbox 532 635 822 673; x_wconf 81' lang='lat' dir='ltr'>obtrectationis</span> <span class='ocrx_word' id='word_1_67' title='bbox 859 640 972 686; x_wconf 84' lang='lat' dir='ltr'>atque</span> <span class='ocrx_word' id='word_1_68' title='bbox 1008 635 1170 674; x_wconf 86' lang='lat' dir='ltr'>invidiae</span> <span class='ocrx_word' id='word_1_69' title='bbox 1205 636 1390 674; x_wconf 84' lang='lat' dir='ltr'>adversus</span> <span class='ocrx_word' id='word_1_70' title='bbox 1428 641 1666 675; x_wconf 83' lang='lat' dir='ltr'>crescentem</span> <span class='ocrx_word' id='word_1_71' title='bbox 1689 635 1727 674; x_wconf 89' lang='lat' dir='ltr'>in</span> 
     </span>
     <span class='ocr_line' id='line_1_14' title="bbox 319 691 1728 743; baseline 0.001 -14"><span class='ocrx_word' id='word_1_72' title='bbox 319 691 398 730; x_wconf 79' lang='lat' dir='ltr'>dies</span> <span class='ocrx_word' id='word_1_73' title='bbox 428 691 587 741; x_wconf 80' lang='lat' dir='ltr'>gloriam</span> <span class='ocrx_word' id='word_1_74' title='bbox 616 692 821 730; x_wconf 86' lang='lat' dir='ltr'>fortissimi</span> <span class='ocrx_word' id='word_1_75' title='bbox 850 692 1032 730; x_wconf 77' lang='lat' dir='ltr'>consulis.</span> <span class='ocrx_word' id='word_1_76' title='bbox 1075 705 1094 730; x_wconf 86' lang='lat' dir='ltr'>a</span> <span class='ocrx_word' id='word_1_77' title='bbox 1123 704 1195 742; x_wconf 85' lang='lat' dir='ltr'>qua</span> <span class='ocrx_word' id='word_1_78' title='bbox 1222 692 1446 743; x_wconf 82' lang='lat' dir='ltr'>suspicione</span> <span class='ocrx_word' id='word_1_79' title='bbox 1468 694 1500 731; x_wconf 87' lang='lat' dir='ltr'>si</span> <span class='ocrx_word' id='word_1_80' title='bbox 1521 705 1583 730; x_wconf 88' lang='lat' dir='ltr'>me</span> <span class='ocrx_word' id='word_1_81' title='bbox 1603 704 1728 742; x_wconf 89' lang='lat' dir='ltr'>neque</span> 
     </span>
     <span class='ocr_line' id='line_1_15' title="bbox 317 747 1727 799; baseline 0.001 -13"><span class='ocrx_word' id='word_1_82' title='bbox 317 748 390 786; x_wconf 84' lang='lat' dir='ltr'>vita</span> <span class='ocrx_word' id='word_1_83' title='bbox 419 753 501 786; x_wconf 85' lang='lat' dir='ltr'>acta</span> <span class='ocrx_word' id='word_1_84' title='bbox 529 753 565 786; x_wconf 85' lang='lat' dir='ltr'>et</span> <span class='ocrx_word' id='word_1_85' title='bbox 594 759 722 785; x_wconf 86' lang='lat' dir='ltr'>mores</span> <span class='ocrx_word' id='word_1_86' title='bbox 754 747 828 785; x_wconf 90' lang='lat' dir='ltr'>mei</span> <span class='ocrx_word' id='word_1_87' title='bbox 861 760 984 798; x_wconf 87' lang='lat' dir='ltr'>neque</span> <span class='ocrx_word' id='word_1_88' title='bbox 1007 748 1193 787; x_wconf 77' lang='lat' dir='ltr'>dictatura</span> <span class='ocrx_word' id='word_1_89' title='bbox 1215 761 1302 787; x_wconf 88' lang='lat' dir='ltr'>cum</span> <span class='ocrx_word' id='word_1_90' title='bbox 1325 749 1494 799; x_wconf 87' lang='lat' dir='ltr'>quinque</span> <span class='ocrx_word' id='word_1_91' title='bbox 1517 748 1727 787; x_wconf 82' lang='lat' dir='ltr'>consulati—</span> 
     </span>
     <span class='ocr_line' id='line_1_16' title="bbox 316 803 1727 856; baseline 0.001 -14"><span class='ocrx_word' id='word_1_92' title='bbox 316 803 388 842; x_wconf 88' lang='lat' dir='ltr'>bus</span> <span class='ocrx_word' id='word_1_93' title='bbox 410 809 640 855; x_wconf 88' lang='lat' dir='ltr'>tantumque</span> <span class='ocrx_word' id='word_1_94' title='bbox 662 803 804 854; x_wconf 82' lang='lat' dir='ltr'>gloriae</span> <span class='ocrx_word' id='word_1_95' title='bbox 826 804 912 842; x_wconf 88' lang='lat' dir='ltr'>belli</span> <span class='ocrx_word' id='word_1_96' title='bbox 935 804 1117 855; x_wconf 86' lang='lat' dir='ltr'>domique</span> <span class='ocrx_word' id='word_1_97' title='bbox 1138 810 1268 856; x_wconf 83' lang='lat' dir='ltr'>partae</span> <span class='ocrx_word' id='word_1_98' title='bbox 1290 805 1472 850; x_wconf 87' lang='lat' dir='ltr'>vindicat,</span> <span class='ocrx_word' id='word_1_99' title='bbox 1501 812 1544 844; x_wconf 87' lang='lat' dir='ltr'>ut</span> <span class='ocrx_word' id='word_1_100' title='bbox 1564 805 1727 856; x_wconf 89' lang='lat' dir='ltr'>propius</span> 
     </span>
     <span class='ocr_line' id='line_1_17' title="bbox 315 860 1729 912; baseline 0.001 -14"><span class='ocrx_word' id='word_1_101' title='bbox 315 860 512 899; x_wconf 85' lang='lat' dir='ltr'>fastidium</span> <span class='ocrx_word' id='word_1_102' title='bbox 536 862 617 899; x_wconf 87' lang='lat' dir='ltr'>eius</span> <span class='ocrx_word' id='word_1_103' title='bbox 642 860 715 898; x_wconf 89' lang='lat' dir='ltr'>sim</span> <span class='ocrx_word' id='word_1_104' title='bbox 739 873 852 911; x_wconf 85' lang='lat' dir='ltr'>quam</span> <span class='ocrx_word' id='word_1_105' title='bbox 877 861 1131 907; x_wconf 86' lang='lat' dir='ltr'>desiderium,</span> <span class='ocrx_word' id='word_1_106' title='bbox 1161 867 1262 900; x_wconf 83' lang='lat' dir='ltr'>aetas</span> <span class='ocrx_word' id='word_1_107' title='bbox 1287 862 1422 900; x_wconf 87' lang='lat' dir='ltr'>saltem</span> <span class='ocrx_word' id='word_1_108' title='bbox 1444 862 1589 900; x_wconf 87' lang='lat' dir='ltr'>liberet.</span> <span class='ocrx_word' id='word_1_109' title='bbox 1632 874 1729 912; x_wconf 88' lang='lat' dir='ltr'>quae</span> 
     </span>
     <span class='ocr_line' id='line_1_18' title="bbox 317 917 1727 969; baseline 0.001 -14"><span class='ocrx_word' id='word_1_110' title='bbox 317 917 418 955; x_wconf 88' lang='lat' dir='ltr'>enim</span> <span class='ocrx_word' id='word_1_111' title='bbox 450 917 543 955; x_wconf 87' lang='lat' dir='ltr'>mihi</span> <span class='ocrx_word' id='word_1_112' title='bbox 573 917 776 955; x_wconf 73' lang='lat' dir='ltr'>aemulatio</span> <span class='ocrx_word' id='word_1_113' title='bbox 808 930 894 955; x_wconf 86' lang='lat' dir='ltr'>cum</span> <span class='ocrx_word' id='word_1_114' title='bbox 925 930 969 955; x_wconf 87' lang='lat' dir='ltr'>eo</span> <span class='ocrx_word' id='word_1_115' title='bbox 999 930 1083 955; x_wconf 87' lang='lat' dir='ltr'>esse</span> <span class='ocrx_word' id='word_1_116' title='bbox 1114 922 1259 968; x_wconf 86' lang='lat' dir='ltr'>potest,</span> <span class='ocrx_word' id='word_1_117' title='bbox 1297 919 1360 968; x_wconf 87' lang='lat' dir='ltr'>qui</span> <span class='ocrx_word' id='word_1_118' title='bbox 1387 930 1436 956; x_wconf 91' lang='lat' dir='ltr'>ne</span> <span class='ocrx_word' id='word_1_119' title='bbox 1462 918 1538 956; x_wconf 87' lang='lat' dir='ltr'>filio</span> <span class='ocrx_word' id='word_1_120' title='bbox 1572 919 1727 969; x_wconf 88' lang='lat' dir='ltr'>quidem</span> 
     </span>
     <span class='ocr_line' id='line_1_19' title="bbox 319 972 1729 1024; baseline 0.001 -13"><span class='ocrx_word' id='word_1_121' title='bbox 319 986 405 1012; x_wconf 89' lang='lat' dir='ltr'>meo</span> <span class='ocrx_word' id='word_1_122' title='bbox 430 973 599 1024; x_wconf 86' lang='lat' dir='ltr'>aequalis</span> <span class='ocrx_word' id='word_1_123' title='bbox 625 972 702 1012; x_wconf 66' lang='lat' dir='ltr'>sit?</span> <span class='ocrx_word' id='word_1_124' title='bbox 725 987 787 1012; x_wconf 89' lang='lat' dir='ltr'>me</span> <span class='ocrx_word' id='word_1_125' title='bbox 809 974 1055 1019; x_wconf 85' lang='lat' dir='ltr'>dictatorem,</span> <span class='ocrx_word' id='word_1_126' title='bbox 1079 987 1165 1012; x_wconf 87' lang='lat' dir='ltr'>cum</span> <span class='ocrx_word' id='word_1_127' title='bbox 1189 974 1354 1024; x_wconf 83' lang='lat' dir='ltr'>vigerem</span> <span class='ocrx_word' id='word_1_128' title='bbox 1377 974 1502 1013; x_wconf 84' lang='lat' dir='ltr'>adhuc</span> <span class='ocrx_word' id='word_1_129' title='bbox 1522 974 1669 1013; x_wconf 87' lang='lat' dir='ltr'>viribus</span> <span class='ocrx_word' id='word_1_130' title='bbox 1692 981 1729 1013; x_wconf 88' lang='lat' dir='ltr'>et</span> 
     </span>
     <span class='ocr_line' id='line_1_20' title="bbox 315 1029 1728 1077; baseline 0.001 -9"><span class='ocrx_word' id='word_1_131' title='bbox 315 1029 354 1077; x_wconf 90' lang='lat' dir='ltr'>in</span> <span class='ocrx_word' id='word_1_132' title='bbox 377 1043 493 1069; x_wconf 85' lang='lat' dir='ltr'>cursu</span> <span class='ocrx_word' id='word_1_133' title='bbox 515 1030 768 1069; x_wconf 82' lang='lat' dir='ltr'>maximarum</span> <span class='ocrx_word' id='word_1_134' title='bbox 792 1043 920 1069; x_wconf 87' lang='lat' dir='ltr'>rerum</span> <span class='ocrx_word' id='word_1_135' title='bbox 946 1043 1085 1075; x_wconf 84' lang='lat' dir='ltr'>essem,</span> <span class='ocrx_word' id='word_1_136' title='bbox 1113 1035 1358 1069; x_wconf 79' lang='lat' dir='ltr'>recusantem</span> <span class='ocrx_word' id='word_1_137' title='bbox 1380 1042 1496 1069; x_wconf 90' lang='lat' dir='ltr'>nemo</span> <span class='ocrx_word' id='word_1_138' title='bbox 1519 1036 1584 1069; x_wconf 84' lang='lat' dir='ltr'>aut</span> <span class='ocrx_word' id='word_1_139' title='bbox 1605 1031 1643 1069; x_wconf 91' lang='lat' dir='ltr'>in</span> <span class='ocrx_word' id='word_1_140' title='bbox 1666 1043 1728 1071; x_wconf 84' lang='lat' dir='ltr'>se-</span> 
     </span>
     <span class='ocr_line' id='line_1_21' title="bbox 315 1087 1726 1138; baseline 0.001 -14"><span class='ocrx_word' id='word_1_141' title='bbox 315 1092 407 1125; x_wconf 85' lang='lat' dir='ltr'>natu</span> <span class='ocrx_word' id='word_1_142' title='bbox 429 1092 494 1126; x_wconf 87' lang='lat' dir='ltr'>aut</span> <span class='ocrx_word' id='word_1_143' title='bbox 516 1087 619 1137; x_wconf 88' lang='lat' dir='ltr'>apud</span> <span class='ocrx_word' id='word_1_144' title='bbox 641 1087 831 1138; x_wconf 88' lang='lat' dir='ltr'>populum</span> <span class='ocrx_word' id='word_1_145' title='bbox 854 1087 1012 1133; x_wconf 87' lang='lat' dir='ltr'>audivit,</span> <span class='ocrx_word' id='word_1_146' title='bbox 1040 1099 1116 1137; x_wconf 85' lang='lat' dir='ltr'>quo</span> <span class='ocrx_word' id='word_1_147' title='bbox 1140 1087 1268 1125; x_wconf 88' lang='lat' dir='ltr'>minus</span> <span class='ocrx_word' id='word_1_148' title='bbox 1292 1087 1494 1126; x_wconf 79' lang='lat' dir='ltr'>Insectanti</span> <span class='ocrx_word' id='word_1_149' title='bbox 1518 1100 1579 1125; x_wconf 89' lang='lat' dir='ltr'>me</span> <span class='ocrx_word' id='word_1_150' title='bbox 1600 1087 1726 1138; x_wconf 83' lang='lat' dir='ltr'>magi-</span> 
     </span>
     <span class='ocr_line' id='line_1_22' title="bbox 317 1143 1726 1194; baseline 0.001 -13"><span class='ocrx_word' id='word_1_151' title='bbox 317 1148 397 1181; x_wconf 86' lang='lat' dir='ltr'>stro</span> <span class='ocrx_word' id='word_1_152' title='bbox 417 1144 602 1194; x_wconf 87' lang='lat' dir='ltr'>equitum,</span> <span class='ocrx_word' id='word_1_153' title='bbox 627 1144 730 1194; x_wconf 85' lang='lat' dir='ltr'>quod</span> <span class='ocrx_word' id='word_1_154' title='bbox 748 1143 864 1182; x_wconf 87' lang='lat' dir='ltr'>fando</span> <span class='ocrx_word' id='word_1_155' title='bbox 884 1156 1096 1194; x_wconf 84' lang='lat' dir='ltr'>numquam</span> <span class='ocrx_word' id='word_1_156' title='bbox 1116 1149 1202 1182; x_wconf 86' lang='lat' dir='ltr'>ante</span> <span class='ocrx_word' id='word_1_157' title='bbox 1219 1143 1390 1182; x_wconf 83' lang='lat' dir='ltr'>auditum</span> <span class='ocrx_word' id='word_1_158' title='bbox 1409 1148 1501 1190; x_wconf 84' lang='lat' dir='ltr'>erat,</span> <span class='ocrx_word' id='word_1_159' title='bbox 1519 1144 1726 1194; x_wconf 86' lang='lat' dir='ltr'>Imperium</span> 
     </span>
     <span class='ocr_line' id='line_1_23' title="bbox 316 1200 1727 1251; baseline 0.001 -13"><span class='ocrx_word' id='word_1_160' title='bbox 316 1212 468 1238; x_wconf 88' lang='lat' dir='ltr'>mecum</span> <span class='ocrx_word' id='word_1_161' title='bbox 492 1205 718 1251; x_wconf 84' lang='lat' dir='ltr'>aequaretur</span> <span class='ocrx_word' id='word_1_162' title='bbox 739 1224 794 1227; x_wconf 94' lang='lat'><strong>—</strong></span> <span class='ocrx_word' id='word_1_163' title='bbox 814 1200 931 1238; x_wconf 87' lang='lat' dir='ltr'>rebus</span> <span class='ocrx_word' id='word_1_164' title='bbox 953 1213 1067 1251; x_wconf 82' lang='lat' dir='ltr'>quam</span> <span class='ocrx_word' id='word_1_165' title='bbox 1090 1200 1214 1239; x_wconf 87' lang='lat' dir='ltr'>verbis</span> <span class='ocrx_word' id='word_1_166' title='bbox 1238 1200 1398 1251; x_wconf 87' lang='lat' dir='ltr'>adsequi</span> <span class='ocrx_word' id='word_1_167' title='bbox 1420 1200 1554 1243; x_wconf 82' lang='lat' dir='ltr'>malui,</span> <span class='ocrx_word' id='word_1_168' title='bbox 1581 1205 1639 1247; x_wconf 87' lang='lat' dir='ltr'>ut,</span> <span class='ocrx_word' id='word_1_169' title='bbox 1663 1200 1727 1251; x_wconf 86' lang='lat' dir='ltr'>qui</span> 
     </span>
     <span class='ocr_line' id='line_1_24' title="bbox 315 1256 1725 1308; baseline 0 -14"><span class='ocrx_word' id='word_1_170' title='bbox 315 1257 478 1295; x_wconf 88' lang='lat' dir='ltr'>aliorum</span> <span class='ocrx_word' id='word_1_171' title='bbox 501 1256 641 1295; x_wconf 88' lang='lat' dir='ltr'>iudicio</span> <span class='ocrx_word' id='word_1_172' title='bbox 665 1257 758 1295; x_wconf 88' lang='lat' dir='ltr'>mihi</span> <span class='ocrx_word' id='word_1_173' title='bbox 781 1263 1031 1308; x_wconf 82' lang='lat' dir='ltr'>comparatus</span> <span class='ocrx_word' id='word_1_174' title='bbox 1055 1262 1153 1303; x_wconf 83' lang='lat' dir='ltr'>erat,</span> <span class='ocrx_word' id='word_1_175' title='bbox 1183 1270 1250 1296; x_wconf 81' lang='lat' dir='ltr'>sua</span> <span class='ocrx_word' id='word_1_176' title='bbox 1282 1270 1372 1295; x_wconf 79' lang='lat' dir='ltr'>mox</span> <span class='ocrx_word' id='word_1_177' title='bbox 1395 1257 1642 1295; x_wconf 82' lang='lat' dir='ltr'>confessione</span> <span class='ocrx_word' id='word_1_178' title='bbox 1664 1269 1725 1295; x_wconf 90' lang='lat' dir='ltr'>me</span> 
     </span>
    </p>
   </div>
   <div class='ocr_carea' id='block_1_8' title="bbox 305 1435 983 2661">
    <p class='ocr_par' dir='ltr' id='par_1_8' title="bbox 313 1435 982 1521">
     <span class='ocr_line' id='line_1_25' title="bbox 313 1435 982 1477; baseline 0 -10"><span class='ocrx_word' id='word_1_179' title='bbox 313 1447 374 1467; x_wconf 80' lang='lat' dir='ltr'>suo</span> <span class='ocrx_word' id='word_1_180' title='bbox 393 1436 477 1475; x_wconf 81' lang='lat' dir='ltr'><strong>loco,</strong></span> <span class='ocrx_word' id='word_1_181' title='bbox 512 1446 538 1467; x_wconf 89' lang='lat' dir='ltr'>s.</span> <span class='ocrx_word' id='word_1_182' title='bbox 565 1446 591 1466; x_wconf 86' lang='lat' dir='ltr'>c.</span> <span class='ocrx_word' id='word_1_183' title='bbox 616 1436 669 1475; x_wconf 83' lang='grc'>45,</span> <span class='ocrx_word' id='word_1_184' title='bbox 688 1436 725 1474; x_wconf 71' lang='lat'>53</span> <span class='ocrx_word' id='word_1_185' title='bbox 761 1435 888 1467; x_wconf 83' lang='lat' dir='ltr'>Becker</span> <span class='ocrx_word' id='word_1_186' title='bbox 906 1436 934 1477; x_wconf 86' lang='lat'>2,</span> <span class='ocrx_word' id='word_1_187' title='bbox 952 1436 982 1477; x_wconf 88' lang='lat'>2,</span> 
     </span>
     <span class='ocr_line' id='line_1_26' title="bbox 313 1479 667 1521; baseline -0.003 -9"><span class='ocrx_word' id='word_1_188' title='bbox 313 1481 390 1520; x_wconf 76' lang='lat'><strong>425,</strong></span> <span class='ocrx_word' id='word_1_189' title='bbox 410 1481 520 1520; x_wconf 81' lang='lat' dir='ltr'>Lange</span> <span class='ocrx_word' id='word_1_190' title='bbox 540 1481 571 1521; x_wconf 88' lang='lat'>2,</span> <span class='ocrx_word' id='word_1_191' title='bbox 590 1479 667 1512; x_wconf 74' lang='lat'>354.</span> 
     </span>
    </p>

    <p class='ocr_par' dir='ltr' id='par_1_9' title="bbox 307 1536 983 2165">
     <span class='ocr_line' id='line_1_27' title="bbox 360 1536 982 1576; baseline 0.002 -9"><span class='ocrx_word' id='word_1_192' title='bbox 360 1536 487 1567; x_wconf 69' lang='lat'>6—14.</span> <span class='ocrx_word' id='word_1_193' title='bbox 523 1536 810 1576; x_wconf 82' lang='lat' dir='ltr'>Zuriiekweisung</span> <span class='ocrx_word' id='word_1_194' title='bbox 838 1537 982 1568; x_wconf 82' lang='lat' dir='ltr'>falscher</span> 
     </span>
     <span class='ocr_line' id='line_1_28' title="bbox 312 1581 983 1624; baseline 0 -10"><span class='ocrx_word' id='word_1_195' title='bbox 312 1582 437 1614; x_wconf 83' lang='lat' dir='ltr'>Motive</span> <span class='ocrx_word' id='word_1_196' title='bbox 462 1581 515 1613; x_wconf 84' lang='lat' dir='ltr'>fiir</span> <span class='ocrx_word' id='word_1_197' title='bbox 539 1583 631 1613; x_wconf 84' lang='lat' dir='ltr'>seine</span> <span class='ocrx_word' id='word_1_198' title='bbox 651 1582 797 1613; x_wconf 85' lang='lat' dir='ltr'>Ansicbt.</span> <span class='ocrx_word' id='word_1_199' title='bbox 822 1601 866 1605; x_wconf 87' lang='lat'><strong>—</strong></span> <span class='ocrx_word' id='word_1_200' title='bbox 882 1586 983 1624; x_wconf 72' lang='lat' dir='ltr'>atque</span> 
     </span>
     <span class='ocr_line' id='line_1_29' title="bbox 314 1627 980 1667; baseline 0.002 -9"><span class='ocrx_word' id='word_1_201' title='bbox 314 1627 696 1667; x_wconf 70' lang='lat' dir='ltr'>Uebergang‘zursaclie</span> <span class='ocrx_word' id='word_1_202' title='bbox 712 1628 827 1666; x_wconf 82' lang='lat' dir='ltr'>selbst,</span> <span class='ocrx_word' id='word_1_203' title='bbox 843 1638 868 1659; x_wconf 82' lang='lat' dir='ltr'>S.</span> <span class='ocrx_word' id='word_1_204' title='bbox 884 1639 910 1659; x_wconf 80' lang='lat' dir='ltr'>c.</span> <span class='ocrx_word' id='word_1_205' title='bbox 928 1628 980 1667; x_wconf 70' lang='lat'>28,</span> 
     </span>
     <span class='ocr_line' id='line_1_30' title="bbox 315 1672 981 1713; baseline 0 -9"><span class='ocrx_word' id='word_1_206' title='bbox 315 1673 342 1704; x_wconf 89' lang='lat'>1.</span> <span class='ocrx_word' id='word_1_207' title='bbox 367 1691 410 1695; x_wconf 89' lang='lat'>—</span> <span class='ocrx_word' id='word_1_208' title='bbox 435 1672 574 1704; x_wconf 76' lang='lat' dir='ltr'>dissent.</span> <span class='ocrx_word' id='word_1_209' title='bbox 594 1683 639 1703; x_wconf 81' lang='lat' dir='ltr'>m.</span> <span class='ocrx_word' id='word_1_210' title='bbox 662 1674 704 1704; x_wconf 79' lang='lat' dir='ltr'>ab</span> <span class='ocrx_word' id='word_1_211' title='bbox 727 1674 749 1703; x_wconf 87' lang='grc' dir='ltr'>ι’.</span> <span class='ocrx_word' id='word_1_212' title='bbox 772 1674 802 1713; x_wconf 79' lang='lat' dir='ltr'>f.</span> <span class='ocrx_word' id='word_1_213' title='bbox 821 1688 865 1699; x_wconf 86' lang='lat'>==</span> <span class='ocrx_word' id='word_1_214' title='bbox 882 1675 981 1704; x_wconf 76' lang='lat' dir='ltr'>abiis</span> 
     </span>
     <span class='ocr_line' id='line_1_31' title="bbox 311 1717 982 1759; baseline 0.001 -11"><span class='ocrx_word' id='word_1_215' title='bbox 311 1717 619 1759; x_wconf 71' lang='lat' dir='ltr'>quisestitmmlmn</span> <span class='ocrx_word' id='word_1_216' title='bbox 636 1729 711 1749; x_wconf 58' lang='lat' dir='ltr'>esse</span> <span class='ocrx_word' id='word_1_217' title='bbox 728 1721 873 1749; x_wconf 77' lang='lat' dir='ltr'>censent.</span> <span class='ocrx_word' id='word_1_218' title='bbox 915 1718 982 1749; x_wconf 89' lang='lat' dir='ltr'>Der</span> 
     </span>
     <span class='ocr_line' id='line_1_32' title="bbox 312 1762 980 1794; baseline 0 0"><span class='ocrx_word' id='word_1_219' title='bbox 312 1762 468 1794; x_wconf 84' lang='lat' dir='ltr'>Gedanke</span> <span class='ocrx_word' id='word_1_220' title='bbox 494 1763 601 1794; x_wconf 86' lang='lat' dir='ltr'>selbst</span> <span class='ocrx_word' id='word_1_221' title='bbox 623 1767 712 1794; x_wconf 83' lang='lat' dir='ltr'>setzt</span> <span class='ocrx_word' id='word_1_222' title='bbox 736 1764 796 1794; x_wconf 86' lang='lat' dir='ltr'>deu</span> <span class='ocrx_word' id='word_1_223' title='bbox 819 1763 902 1794; x_wconf 85' lang='lat' dir='ltr'>oben</span> <span class='ocrx_word' id='word_1_224' title='bbox 921 1774 980 1794; x_wconf 85' lang='lat' dir='ltr'>an-</span> 
     </span>
     <span class='ocr_line' id='line_1_33' title="bbox 311 1808 979 1848; baseline 0.003 -10"><span class='ocrx_word' id='word_1_225' title='bbox 311 1808 501 1848; x_wconf 81' lang='lat' dir='ltr'>gegebeneu</span> <span class='ocrx_word' id='word_1_226' title='bbox 532 1808 660 1847; x_wconf 77' lang='lat' dir='ltr'>Antrag</span> <span class='ocrx_word' id='word_1_227' title='bbox 690 1818 822 1839; x_wconf 84' lang='lat' dir='ltr'>vorans.</span> <span class='ocrx_word' id='word_1_228' title='bbox 851 1827 895 1831; x_wconf 85' lang='lat'>—</span> <span class='ocrx_word' id='word_1_229' title='bbox 918 1808 979 1840; x_wconf 70' lang='lat' dir='ltr'>dec—</span> 
     </span>
     <span class='ocr_line' id='line_1_34' title="bbox 310 1853 981 1896; baseline 0.003 -12"><span class='ocrx_word' id='word_1_230' title='bbox 310 1864 408 1885; x_wconf 79' lang='lat' dir='ltr'>armn</span> <span class='ocrx_word' id='word_1_231' title='bbox 428 1864 456 1885; x_wconf 67' lang='grc' dir='ltr'>τ’.</span> <span class='ocrx_word' id='word_1_232' title='bbox 477 1864 541 1896; x_wconf 71' lang='grc' dir='ltr'>ομ,</span> <span class='ocrx_word' id='word_1_233' title='bbox 560 1864 586 1884; x_wconf 92' lang='lat' dir='ltr'>s.</span> <span class='ocrx_word' id='word_1_234' title='bbox 611 1853 663 1892; x_wconf 77' lang='lat'><strong>45,</strong></span> <span class='ocrx_word' id='word_1_235' title='bbox 689 1854 741 1893; x_wconf 61' lang='lat'>33,</span> <span class='ocrx_word' id='word_1_236' title='bbox 768 1853 800 1884; x_wconf 74' lang='lat' dir='ltr'>ss:</span> <span class='ocrx_word' id='word_1_237' title='bbox 834 1854 981 1886; x_wconf 68' lang='lat' dir='ltr'>invidiae</span> 
     </span>
     <span class='ocr_line' id='line_1_35' title="bbox 312 1899 978 1941; baseline 0.002 -12"><span class='ocrx_word' id='word_1_238' title='bbox 312 1916 354 1921; x_wconf 82' lang='lat'>——</span> <span class='ocrx_word' id='word_1_239' title='bbox 372 1901 561 1941; x_wconf 73' lang='lat' dir='ltr'>opinionem</span> <span class='ocrx_word' id='word_1_240' title='bbox 579 1899 710 1930; x_wconf 63' lang='lat' dir='ltr'>lrabeat.</span> <span class='ocrx_word' id='word_1_241' title='bbox 731 1917 774 1921; x_wconf 75' lang='lat'>——</span> <span class='ocrx_word' id='word_1_242' title='bbox 791 1901 978 1930; x_wconf 66' lang='lat' dir='ltr'>cunctatio-</span> 
     </span>
     <span class='ocr_line' id='line_1_36' title="bbox 309 1943 978 1985; baseline 0.001 -10"><span class='ocrx_word' id='word_1_243' title='bbox 309 1946 372 1984; x_wconf 68' lang='lat' dir='ltr'>nis,</span> <span class='ocrx_word' id='word_1_244' title='bbox 389 1955 414 1975; x_wconf 84' lang='lat' dir='ltr'>s.</span> <span class='ocrx_word' id='word_1_245' title='bbox 431 1944 484 1983; x_wconf 90' lang='grc'>30,</span> <span class='ocrx_word' id='word_1_246' title='bbox 501 1944 552 1981; x_wconf 77' lang='grc'>26,</span> <span class='ocrx_word' id='word_1_247' title='bbox 570 1944 598 1975; x_wconf 82' lang='grc'>9.</span> <span class='ocrx_word' id='word_1_248' title='bbox 618 1962 657 1965; x_wconf 83' lang='grc'>-</span> <span class='ocrx_word' id='word_1_249' title='bbox 680 1954 788 1985; x_wconf 74' lang='lat' dir='ltr'>quam,</span> <span class='ocrx_word' id='word_1_250' title='bbox 812 1943 848 1975; x_wconf 86' lang='lat' dir='ltr'>Z.</span> <span class='ocrx_word' id='word_1_251' title='bbox 866 1944 886 1985; x_wconf 65' lang='grc' dir='ltr'>ξ</span> <span class='ocrx_word' id='word_1_252' title='bbox 901 1944 978 1976; x_wconf 79' lang='lat'>372.</span> 
     </span>
     <span class='ocr_line' id='line_1_37' title="bbox 309 1989 977 2028; baseline 0.003 -9"><span class='ocrx_word' id='word_1_253' title='bbox 309 1989 434 2020; x_wconf 76' lang='lat' dir='ltr'>homin.</span> <span class='ocrx_word' id='word_1_254' title='bbox 453 1989 553 2028; x_wconf 65' lang='lat' dir='ltr'>adab,</span> <span class='ocrx_word' id='word_1_255' title='bbox 574 1999 626 2020; x_wconf 91' lang='lat' dir='ltr'>um</span> <span class='ocrx_word' id='word_1_256' title='bbox 645 1990 702 2019; x_wconf 82' lang='lat' dir='ltr'>das</span> <span class='ocrx_word' id='word_1_257' title='bbox 721 1989 977 2021; x_wconf 75' lang='lat' dir='ltr'>characteristi-</span> 
     </span>
     <span class='ocr_line' id='line_1_38' title="bbox 309 2034 979 2071; baseline 0.003 -7"><span class='ocrx_word' id='word_1_258' title='bbox 309 2036 386 2064; x_wconf 78' lang='lat' dir='ltr'>sclie</span> <span class='ocrx_word' id='word_1_259' title='bbox 417 2045 457 2064; x_wconf 91' lang='lat' dir='ltr'>zu</span> <span class='ocrx_word' id='word_1_260' title='bbox 487 2034 704 2071; x_wconf 69' lang='lat' dir='ltr'>bezeichnen,</span> <span class='ocrx_word' id='word_1_261' title='bbox 739 2035 903 2065; x_wconf 82' lang='lat' dir='ltr'>natiirlicli</span> <span class='ocrx_word' id='word_1_262' title='bbox 935 2036 979 2066; x_wconf 84' lang='lat' dir='ltr'>ist</span> 
     </span>
     <span class='ocr_line' id='line_1_39' title="bbox 308 2079 978 2122; baseline 0.004 -14"><span class='ocrx_word' id='word_1_263' title='bbox 308 2079 489 2110; x_wconf 82' lang='lat' dir='ltr'>besonders</span> <span class='ocrx_word' id='word_1_264' title='bbox 505 2079 614 2119; x_wconf 81' lang='lat' dir='ltr'>Scipio</span> <span class='ocrx_word' id='word_1_265' title='bbox 633 2080 786 2118; x_wconf 75' lang='lat' dir='ltr'>gemeint.</span> <span class='ocrx_word' id='word_1_266' title='bbox 805 2097 848 2101; x_wconf 33' lang='grc' dir='ltr'><em>κ</em></span> <span class='ocrx_word' id='word_1_267' title='bbox 862 2080 978 2122; x_wconf 78' lang='lat' dir='ltr'>appel·-</span> 
     </span>
     <span class='ocr_line' id='line_1_40' title="bbox 307 2123 975 2165; baseline 0.001 -10"><span class='ocrx_word' id='word_1_268' title='bbox 307 2124 384 2159; x_wconf 74' lang='lat' dir='ltr'>lent,</span> <span class='ocrx_word' id='word_1_269' title='bbox 406 2124 470 2163; x_wconf 78' lang='lat' dir='ltr'>vgl.</span> <span class='ocrx_word' id='word_1_270' title='bbox 490 2124 520 2163; x_wconf 88' lang='grc'>3,</span> <span class='ocrx_word' id='word_1_271' title='bbox 540 2124 592 2161; x_wconf 87' lang='grc'>21,</span> <span class='ocrx_word' id='word_1_272' title='bbox 612 2125 648 2161; x_wconf 78' lang='lat'>63</span> <span class='ocrx_word' id='word_1_273' title='bbox 669 2124 806 2155; x_wconf 78' lang='lat' dir='ltr'>dumne</span> <span class='ocrx_word' id='word_1_274' title='bbox 824 2123 876 2163; x_wconf 80' lang='grc'>26,</span> <span class='ocrx_word' id='word_1_275' title='bbox 902 2125 926 2165; x_wconf 94' lang='grc'>1,</span> <span class='ocrx_word' id='word_1_276' title='bbox 946 2125 975 2156; x_wconf 75' lang='lat' dir='ltr'>S.</span> 
     </span>
    </p>

    <p class='ocr_par' dir='ltr' id='par_1_10' title="bbox 305 2168 979 2661">
     <span class='ocr_line' id='line_1_41' title="bbox 354 2168 979 2210; baseline 0.003 -11"><span class='ocrx_word' id='word_1_277' title='bbox 354 2169 483 2200; x_wconf 72' lang='lat'>8-10,</span> <span class='ocrx_word' id='word_1_278' title='bbox 509 2170 684 2201; x_wconf 72' lang='lat' dir='ltr'>obtrectat.</span> <span class='ocrx_word' id='word_1_279' title='bbox 707 2180 738 2199; x_wconf 80' lang='grc' dir='ltr'>α.</span> <span class='ocrx_word' id='word_1_280' title='bbox 762 2170 798 2210; x_wconf 79' lang='grc' dir='ltr'>ί.,</span> <span class='ocrx_word' id='word_1_281' title='bbox 824 2168 979 2201; x_wconf 81' lang='lat' dir='ltr'>Verklei-</span> 
     </span>
     <span class='ocr_line' id='line_1_42' title="bbox 308 2214 976 2254; baseline 0.001 -9"><span class='ocrx_word' id='word_1_282' title='bbox 308 2215 551 2254; x_wconf 71' lang='lat' dir='ltr'>nerungssucht</span> <span class='ocrx_word' id='word_1_283' title='bbox 566 2215 629 2245; x_wconf 88' lang='lat' dir='ltr'>und</span> <span class='ocrx_word' id='word_1_284' title='bbox 644 2214 837 2254; x_wconf 80' lang='lat' dir='ltr'>Missgunst.</span> <span class='ocrx_word' id='word_1_285' title='bbox 855 2233 899 2237; x_wconf 81' lang='lat'>—</span> <span class='ocrx_word' id='word_1_286' title='bbox 916 2215 976 2246; x_wconf 80' lang='lat' dir='ltr'>ad-</span> 
     </span>
     <span class='ocr_line' id='line_1_43' title="bbox 306 2259 977 2291; baseline 0 0"><span class='ocrx_word' id='word_1_287' title='bbox 306 2270 427 2291; x_wconf 72' lang='lat' dir='ltr'>versus</span> <span class='ocrx_word' id='word_1_288' title='bbox 452 2260 515 2290; x_wconf 81' lang='lat' dir='ltr'>wol</span> <span class='ocrx_word' id='word_1_289' title='bbox 539 2270 590 2290; x_wconf 92' lang='lat' dir='ltr'>um</span> <span class='ocrx_word' id='word_1_290' title='bbox 609 2260 669 2290; x_wconf 82' lang='lat' dir='ltr'>deu</span> <span class='ocrx_word' id='word_1_291' title='bbox 689 2259 977 2291; x_wconf 78' lang='lat' dir='ltr'>Zusammenstoss</span> 
     </span>
     <span class='ocr_line' id='line_1_44' title="bbox 308 2304 975 2345; baseline 0.001 -10"><span class='ocrx_word' id='word_1_292' title='bbox 308 2315 348 2335; x_wconf 90' lang='lat' dir='ltr'>zu</span> <span class='ocrx_word' id='word_1_293' title='bbox 382 2305 488 2335; x_wconf 77' lang='lat' dir='ltr'>vieler</span> <span class='ocrx_word' id='word_1_294' title='bbox 519 2304 674 2336; x_wconf 74' lang='lat' dir='ltr'>Genitive</span> <span class='ocrx_word' id='word_1_295' title='bbox 705 2316 745 2335; x_wconf 87' lang='lat' dir='ltr'>zu</span> <span class='ocrx_word' id='word_1_296' title='bbox 775 2306 975 2345; x_wconf 85' lang='lat' dir='ltr'>vermeiden,</span> 
     </span>
     <span class='ocr_line' id='line_1_45' title="bbox 307 2350 975 2381; baseline 0 0"><span class='ocrx_word' id='word_1_297' title='bbox 307 2354 401 2381; x_wconf 86' lang='lat' dir='ltr'>sonst</span> <span class='ocrx_word' id='word_1_298' title='bbox 433 2350 536 2381; x_wconf 81' lang='lat' dir='ltr'>findet</span> <span class='ocrx_word' id='word_1_299' title='bbox 569 2360 603 2380; x_wconf 88' lang='lat' dir='ltr'>es</span> <span class='ocrx_word' id='word_1_300' title='bbox 637 2350 704 2380; x_wconf 85' lang='lat' dir='ltr'>sich</span> <span class='ocrx_word' id='word_1_301' title='bbox 745 2350 891 2381; x_wconf 84' lang='lat' dir='ltr'>seltener</span> <span class='ocrx_word' id='word_1_302' title='bbox 924 2351 975 2381; x_wconf 87' lang='lat' dir='ltr'>bei</span> 
     </span>
     <span class='ocr_line' id='line_1_46' title="bbox 305 2394 976 2433; baseline 0.001 -8"><span class='ocrx_word' id='word_1_303' title='bbox 305 2395 554 2433; x_wconf 79' lang='lat' dir='ltr'>Substantiven,</span> <span class='ocrx_word' id='word_1_304' title='bbox 570 2396 621 2426; x_wconf 85' lang='lat' dir='ltr'>die</span> <span class='ocrx_word' id='word_1_305' title='bbox 640 2396 712 2426; x_wconf 86' lang='lat' dir='ltr'>eine</span> <span class='ocrx_word' id='word_1_306' title='bbox 722 2394 976 2426; x_wconf 71' lang='lat' dir='ltr'>Gemiitlisstim-</span> 
     </span>
     <span class='ocr_line' id='line_1_47' title="bbox 306 2440 974 2481; baseline 0.003 -11"><span class='ocrx_word' id='word_1_307' title='bbox 306 2450 403 2479; x_wconf 80' lang='lat' dir='ltr'>mung</span> <span class='ocrx_word' id='word_1_308' title='bbox 421 2441 635 2480; x_wconf 78' lang='lat' dir='ltr'>bezeichnen,</span> <span class='ocrx_word' id='word_1_309' title='bbox 667 2450 692 2471; x_wconf 86' lang='lat' dir='ltr'>s.</span> <span class='ocrx_word' id='word_1_310' title='bbox 717 2441 743 2479; x_wconf 91' lang='lat' dir='ltr'><strong>I,</strong></span> <span class='ocrx_word' id='word_1_311' title='bbox 762 2440 814 2481; x_wconf 87' lang='grc'>42,</span> <span class='ocrx_word' id='word_1_312' title='bbox 834 2440 867 2479; x_wconf 75' lang='lat'>13</span> <span class='ocrx_word' id='word_1_313' title='bbox 909 2440 974 2472; x_wconf 83' lang='lat' dir='ltr'>Cic.</span> 
     </span>
     <span class='ocr_line' id='line_1_48' title="bbox 308 2485 973 2527; baseline 0.003 -12"><span class='ocrx_word' id='word_1_314' title='bbox 308 2485 369 2516; x_wconf 80' lang='lat' dir='ltr'>Off.</span> <span class='ocrx_word' id='word_1_315' title='bbox 398 2486 424 2524; x_wconf 89' lang='grc'>1,</span> <span class='ocrx_word' id='word_1_316' title='bbox 450 2485 499 2527; x_wconf 78' lang='grc'>28,</span> <span class='ocrx_word' id='word_1_317' title='bbox 527 2485 580 2516; x_wconf 73' lang='grc'>99.</span> <span class='ocrx_word' id='word_1_318' title='bbox 604 2503 646 2508; x_wconf 81' lang='lat'>—</span> <span class='ocrx_word' id='word_1_319' title='bbox 666 2488 698 2516; x_wconf 73' lang='lat' dir='ltr'>et</span> <span class='ocrx_word' id='word_1_320' title='bbox 715 2496 840 2527; x_wconf 73' lang='lat' dir='ltr'>mores,</span> <span class='ocrx_word' id='word_1_321' title='bbox 876 2496 901 2516; x_wconf 85' lang='lat' dir='ltr'>s.</span> <span class='ocrx_word' id='word_1_322' title='bbox 921 2486 973 2526; x_wconf 77' lang='lat'>27,</span> 
     </span>
     <span class='ocr_line' id='line_1_49' title="bbox 309 2530 974 2572; baseline 0.003 -12"><span class='ocrx_word' id='word_1_323' title='bbox 309 2530 364 2565; x_wconf 67' lang='lat'><strong>16,</strong></span> <span class='ocrx_word' id='word_1_324' title='bbox 396 2530 428 2565; x_wconf 68' lang='lat'>1:</span> <span class='ocrx_word' id='word_1_325' title='bbox 455 2530 494 2561; x_wconf 90' lang='lat' dir='ltr'>im</span> <span class='ocrx_word' id='word_1_326' title='bbox 513 2530 607 2570; x_wconf 81' lang='lat' dir='ltr'>Folg.</span> <span class='ocrx_word' id='word_1_327' title='bbox 628 2531 810 2572; x_wconf 72' lang='lat' dir='ltr'>eutspricbt</span> <span class='ocrx_word' id='word_1_328' title='bbox 828 2541 912 2562; x_wconf 77' lang='grc' dir='ltr'><em>ίίιηι.</em></span> <span class='ocrx_word' id='word_1_329' title='bbox 931 2549 974 2553; x_wconf 90' lang='lat'>—</span> 
     </span>
     <span class='ocr_line' id='line_1_50' title="bbox 305 2574 974 2613; baseline 0.001 -8"><span class='ocrx_word' id='word_1_330' title='bbox 305 2574 484 2613; x_wconf 71' lang='lat' dir='ltr'>dictatura,</span> <span class='ocrx_word' id='word_1_331' title='bbox 496 2575 616 2606; x_wconf 76' lang='lat' dir='ltr'>Fabius</span> <span class='ocrx_word' id='word_1_332' title='bbox 627 2586 696 2606; x_wconf 79' lang='lat' dir='ltr'>war</span> <span class='ocrx_word' id='word_1_333' title='bbox 706 2577 853 2606; x_wconf 79' lang='lat' dir='ltr'>zweimal</span> <span class='ocrx_word' id='word_1_334' title='bbox 867 2576 974 2607; x_wconf 78' lang='lat' dir='ltr'>Dicta-</span> 
     </span>
     <span class='ocr_line' id='line_1_51' title="bbox 306 2621 972 2661; baseline 0.005 -12"><span class='ocrx_word' id='word_1_335' title='bbox 306 2623 368 2659; x_wconf 86' lang='lat' dir='ltr'>tor,</span> <span class='ocrx_word' id='word_1_336' title='bbox 387 2630 413 2650; x_wconf 86' lang='lat' dir='ltr'>s.</span> <span class='ocrx_word' id='word_1_337' title='bbox 431 2621 482 2660; x_wconf 85' lang='lat'>22,</span> <span class='ocrx_word' id='word_1_338' title='bbox 502 2621 530 2660; x_wconf 75' lang='lat'>9,</span> <span class='ocrx_word' id='word_1_339' title='bbox 552 2621 585 2660; x_wconf 81' lang='lat'>73</span> <span class='ocrx_word' id='word_1_340' title='bbox 606 2622 656 2652; x_wconf 83' lang='lat' dir='ltr'>die</span> <span class='ocrx_word' id='word_1_341' title='bbox 676 2621 795 2652; x_wconf 80' lang='lat' dir='ltr'>zweite</span> <span class='ocrx_word' id='word_1_342' title='bbox 810 2621 972 2661; x_wconf 78' lang='lat' dir='ltr'>Dietatur,</span> 
     </span>
    </p>
   </div>
   <div class='ocr_carea' id='block_1_9' title="bbox 1055 1435 1725 1624">
    <p class='ocr_par' dir='ltr' id='par_1_11' title="bbox 1055 1435 1725 1568">
     <span class='ocr_line' id='line_1_52' title="bbox 1055 1435 1725 1478; baseline 0 -11"><span class='ocrx_word' id='word_1_343' title='bbox 1055 1436 1122 1475; x_wconf 78' lang='lat' dir='ltr'>vgl.</span> <span class='ocrx_word' id='word_1_344' title='bbox 1143 1436 1263 1476; x_wconf 81' lang='lat' dir='ltr'>jedocli</span> <span class='ocrx_word' id='word_1_345' title='bbox 1288 1435 1341 1476; x_wconf 88' lang='lat'>22,</span> <span class='ocrx_word' id='word_1_346' title='bbox 1366 1436 1395 1477; x_wconf 79' lang='lat' dir='ltr'>S,</span> <span class='ocrx_word' id='word_1_347' title='bbox 1419 1435 1454 1475; x_wconf 75' lang='lat'>63</span> <span class='ocrx_word' id='word_1_348' title='bbox 1489 1436 1530 1468; x_wconf 94' lang='lat' dir='ltr'>ib.</span> <span class='ocrx_word' id='word_1_349' title='bbox 1557 1436 1610 1477; x_wconf 89' lang='grc'>31,</span> <span class='ocrx_word' id='word_1_350' title='bbox 1628 1435 1657 1478; x_wconf 85' lang='grc'>8,</span> <span class='ocrx_word' id='word_1_351' title='bbox 1681 1436 1725 1467; x_wconf 88' lang='lat' dir='ltr'>ist</span> 
     </span>
     <span class='ocr_line' id='line_1_53' title="bbox 1056 1480 1723 1524; baseline 0 -13"><span class='ocrx_word' id='word_1_352' title='bbox 1056 1482 1127 1512; x_wconf 82' lang='lat' dir='ltr'>hier</span> <span class='ocrx_word' id='word_1_353' title='bbox 1145 1482 1298 1520; x_wconf 69' lang='lat' dir='ltr'>gemeint.</span> <span class='ocrx_word' id='word_1_354' title='bbox 1325 1499 1366 1504; x_wconf 85' lang='lat'><strong>—</strong></span> <span class='ocrx_word' id='word_1_355' title='bbox 1383 1484 1539 1524; x_wconf 70' lang='lat' dir='ltr'>propias,</span> <span class='ocrx_word' id='word_1_356' title='bbox 1573 1492 1600 1512; x_wconf 86' lang='lat' dir='ltr'>s.</span> <span class='ocrx_word' id='word_1_357' title='bbox 1619 1481 1650 1519; x_wconf 83' lang='lat'>2,</span> <span class='ocrx_word' id='word_1_358' title='bbox 1670 1480 1723 1520; x_wconf 89' lang='grc'>41,</span> 
     </span>
     <span class='ocr_line' id='line_1_54' title="bbox 1058 1526 1308 1568; baseline 0.004 -12"><span class='ocrx_word' id='word_1_359' title='bbox 1058 1526 1114 1564; x_wconf 77' lang='grc'>11;</span> <span class='ocrx_word' id='word_1_360' title='bbox 1136 1526 1189 1564; x_wconf 86' lang='grc'>26,</span> <span class='ocrx_word' id='word_1_361' title='bbox 1208 1526 1260 1568; x_wconf 76' lang='grc'>48,</span> <span class='ocrx_word' id='word_1_362' title='bbox 1279 1526 1308 1557; x_wconf 83' lang='grc'>8.</span> 
     </span>
    </p>

    <p class='ocr_par' dir='ltr' id='par_1_12' title="bbox 1105 1582 1722 1624">
     <span class='ocr_line' id='line_1_55' title="bbox 1105 1582 1722 1624; baseline 0 -12"><span class='ocrx_word' id='word_1_363' title='bbox 1105 1582 1255 1614; x_wconf 87' lang='grc'>11-14,</span> <span class='ocrx_word' id='word_1_364' title='bbox 1289 1594 1342 1614; x_wconf 81' lang='lat' dir='ltr'>me</span> <span class='ocrx_word' id='word_1_365' title='bbox 1374 1583 1501 1624; x_wconf 58' lang='lat' dir='ltr'>dictat„</span> <span class='ocrx_word' id='word_1_366' title='bbox 1542 1593 1582 1614; x_wconf 87' lang='lat' dir='ltr'>an</span> <span class='ocrx_word' id='word_1_367' title='bbox 1617 1582 1722 1613; x_wconf 88' lang='lat' dir='ltr'>einem</span> 
     </span>
    </p>
   </div>
   <div class='ocr_carea' id='block_1_10' title="bbox 1054 1626 1780 1668">
    <p class='ocr_par' dir='ltr' id='par_1_13' title="bbox 1054 1626 1780 1668">
     <span class='ocr_line' id='line_1_56' title="bbox 1054 1626 1780 1668; baseline 0.001 -11"><span class='ocrx_word' id='word_1_368' title='bbox 1054 1626 1190 1658; x_wconf 80' lang='lat' dir='ltr'>Factum</span> <span class='ocrx_word' id='word_1_369' title='bbox 1213 1628 1295 1659; x_wconf 78' lang='lat' dir='ltr'>wird</span> <span class='ocrx_word' id='word_1_370' title='bbox 1318 1629 1466 1668; x_wconf 84' lang='lat' dir='ltr'>gezeigt,</span> <span class='ocrx_word' id='word_1_371' title='bbox 1500 1629 1563 1659; x_wconf 86' lang='lat' dir='ltr'>wie</span> <span class='ocrx_word' id='word_1_372' title='bbox 1589 1627 1668 1658; x_wconf 86' lang='lat' dir='ltr'>weit</span> <span class='ocrx_word' id='word_1_373' title='bbox 1686 1637 1723 1658; x_wconf 88' lang='lat' dir='ltr'>er</span> <span class='ocrx_word' id='word_1_374' title='bbox 1776 1647 1780 1651; x_wconf 42' lang='grc' dir='ltr'><em>ν</em></span> 
     </span>
    </p>
   </div>
   <div class='ocr_carea' id='block_1_11' title="bbox 1050 1671 1724 2245">
    <p class='ocr_par' dir='ltr' id='par_1_14' title="bbox 1050 1671 1724 2245">
     <span class='ocr_line' id='line_1_57' title="bbox 1054 1671 1722 1704; baseline -0.001 -1"><span class='ocrx_word' id='word_1_375' title='bbox 1054 1673 1158 1703; x_wconf 79' lang='lat' dir='ltr'>davon</span> <span class='ocrx_word' id='word_1_376' title='bbox 1191 1672 1338 1704; x_wconf 79' lang='lat' dir='ltr'>entl&#39;ernt</span> <span class='ocrx_word' id='word_1_377' title='bbox 1367 1674 1414 1704; x_wconf 87' lang='lat' dir='ltr'>sei</span> <span class='ocrx_word' id='word_1_378' title='bbox 1444 1674 1509 1704; x_wconf 80' lang='lat' dir='ltr'>sicli</span> <span class='ocrx_word' id='word_1_379' title='bbox 1540 1671 1598 1703; x_wconf 82' lang='lat' dir='ltr'>auf</span> <span class='ocrx_word' id='word_1_380' title='bbox 1627 1672 1722 1703; x_wconf 87' lang='lat' dir='ltr'>einen</span> 
     </span>
     <span class='ocr_line' id='line_1_58' title="bbox 1054 1717 1724 1749; baseline 0 -1"><span class='ocrx_word' id='word_1_381' title='bbox 1054 1718 1166 1748; x_wconf 82' lang='lat' dir='ltr'>leeren</span> <span class='ocrx_word' id='word_1_382' title='bbox 1193 1718 1308 1749; x_wconf 80' lang='lat' dir='ltr'>wett-</span> <span class='ocrx_word' id='word_1_383' title='bbox 1333 1719 1398 1749; x_wconf 88' lang='lat' dir='ltr'>und</span> <span class='ocrx_word' id='word_1_384' title='bbox 1424 1717 1626 1749; x_wconf 84' lang='lat' dir='ltr'>VVortstreit</span> <span class='ocrx_word' id='word_1_385' title='bbox 1655 1717 1724 1748; x_wconf 90' lang='lat' dir='ltr'>ein-</span> 
     </span>
     <span class='ocr_line' id='line_1_59' title="bbox 1054 1763 1722 1803; baseline -0.001 -10"><span class='ocrx_word' id='word_1_386' title='bbox 1054 1763 1208 1793; x_wconf 83' lang='lat' dir='ltr'>zulassen</span> <span class='ocrx_word' id='word_1_387' title='bbox 1232 1774 1284 1794; x_wconf 88' lang='lat' dir='ltr'>um</span> <span class='ocrx_word' id='word_1_388' title='bbox 1308 1764 1400 1795; x_wconf 88' lang='lat' dir='ltr'>seine</span> <span class='ocrx_word' id='word_1_389' title='bbox 1418 1763 1506 1794; x_wconf 79' lang='lat' dir='ltr'>Elire</span> <span class='ocrx_word' id='word_1_390' title='bbox 1529 1763 1662 1803; x_wconf 83' lang='lat' dir='ltr'>geltend</span> <span class='ocrx_word' id='word_1_391' title='bbox 1681 1773 1722 1793; x_wconf 94' lang='lat' dir='ltr'>zu</span> 
     </span>
     <span class='ocr_line' id='line_1_60' title="bbox 1053 1806 1721 1851; baseline -0.001 -13"><span class='ocrx_word' id='word_1_392' title='bbox 1053 1809 1198 1840; x_wconf 85' lang='lat' dir='ltr'>macheu.</span> <span class='ocrx_word' id='word_1_393' title='bbox 1218 1827 1261 1830; x_wconf 92' lang='lat'>—</span> <span class='ocrx_word' id='word_1_394' title='bbox 1277 1811 1425 1851; x_wconf 60' lang='lat' dir='ltr'>rigerem</span> <span class='ocrx_word' id='word_1_395' title='bbox 1442 1810 1514 1847; x_wconf 58' lang='lat' dir='ltr'>viru,</span> <span class='ocrx_word' id='word_1_396' title='bbox 1532 1808 1599 1847; x_wconf 83' lang='lat' dir='ltr'>vgl.</span> <span class='ocrx_word' id='word_1_397' title='bbox 1620 1807 1648 1848; x_wconf 83' lang='lat'>6,</span> <span class='ocrx_word' id='word_1_398' title='bbox 1668 1806 1721 1850; x_wconf 86' lang='lat'>22,</span> 
     </span>
     <span class='ocr_line' id='line_1_61' title="bbox 1054 1853 1720 1892; baseline 0 -9"><span class='ocrx_word' id='word_1_399' title='bbox 1054 1853 1089 1890; x_wconf 75' lang='grc' dir='ltr'>ῖς</span> <span class='ocrx_word' id='word_1_400' title='bbox 1115 1853 1202 1884; x_wconf 86' lang='lat' dir='ltr'>Plut.</span> <span class='ocrx_word' id='word_1_401' title='bbox 1221 1853 1300 1885; x_wconf 82' lang='lat' dir='ltr'>Fab.</span> <span class='ocrx_word' id='word_1_402' title='bbox 1319 1854 1338 1884; x_wconf 84' lang='lat'><strong>3</strong></span> <span class='ocrx_word' id='word_1_403' title='bbox 1357 1859 1465 1892; x_wconf 56' lang='grc' dir='ltr'>(Ἴως</span> <span class='ocrx_word' id='word_1_404' title='bbox 1492 1864 1527 1884; x_wconf 89' lang='lat' dir='ltr'>es</span> <span class='ocrx_word' id='word_1_405' title='bbox 1548 1853 1621 1885; x_wconf 87' lang='lat' dir='ltr'>sind</span> <span class='ocrx_word' id='word_1_406' title='bbox 1639 1853 1720 1883; x_wconf 86' lang='lat' dir='ltr'>seit-</span> 
     </span>
     <span class='ocr_line' id='line_1_62' title="bbox 1053 1898 1721 1930; baseline 0.001 -2"><span class='ocrx_word' id='word_1_407' title='bbox 1053 1900 1124 1929; x_wconf 86' lang='lat' dir='ltr'>dem</span> <span class='ocrx_word' id='word_1_408' title='bbox 1142 1898 1175 1929; x_wconf 91' lang='lat'>11</span> <span class='ocrx_word' id='word_1_409' title='bbox 1194 1899 1293 1930; x_wconf 67' lang='lat' dir='ltr'>dabre</span> <span class='ocrx_word' id='word_1_410' title='bbox 1308 1901 1498 1930; x_wconf 75' lang='lat' dir='ltr'>verilossen.</span> <span class='ocrx_word' id='word_1_411' title='bbox 1516 1917 1558 1921; x_wconf 92' lang='lat'>——</span> <span class='ocrx_word' id='word_1_412' title='bbox 1571 1900 1605 1929; x_wconf 79' lang='lat' dir='ltr'>z&#39;u</span> <span class='ocrx_word' id='word_1_413' title='bbox 1619 1908 1721 1930; x_wconf 78' lang='lat' dir='ltr'>eursu</span> 
     </span>
     <span class='ocr_line' id='line_1_63' title="bbox 1051 1943 1720 1984; baseline -0.001 -10"><span class='ocrx_word' id='word_1_414' title='bbox 1051 1954 1096 1974; x_wconf 79' lang='lat' dir='ltr'>m.</span> <span class='ocrx_word' id='word_1_415' title='bbox 1115 1954 1163 1981; x_wconf 81' lang='lat'><strong>7².,</strong></span> <span class='ocrx_word' id='word_1_416' title='bbox 1193 1945 1222 1974; x_wconf 93' lang='lat' dir='ltr'>in</span> <span class='ocrx_word' id='word_1_417' title='bbox 1242 1945 1301 1975; x_wconf 84' lang='lat' dir='ltr'>der</span> <span class='ocrx_word' id='word_1_418' title='bbox 1318 1944 1532 1984; x_wconf 77' lang='lat' dir='ltr'>Aussiilirung</span> <span class='ocrx_word' id='word_1_419' title='bbox 1549 1943 1720 1983; x_wconf 83' lang='lat' dir='ltr'>begrilfen,</span> 
     </span>
     <span class='ocr_line' id='line_1_64' title="bbox 1052 1988 1719 2027; baseline -0.001 -8"><span class='ocrx_word' id='word_1_420' title='bbox 1052 1989 1099 2019; x_wconf 87' lang='lat' dir='ltr'>sie</span> <span class='ocrx_word' id='word_1_421' title='bbox 1124 1989 1181 2019; x_wconf 86' lang='lat' dir='ltr'>mit</span> <span class='ocrx_word' id='word_1_422' title='bbox 1203 1988 1309 2020; x_wconf 85' lang='lat' dir='ltr'>Gliiek</span> <span class='ocrx_word' id='word_1_423' title='bbox 1337 1988 1555 2027; x_wconf 79' lang='lat' dir='ltr'>ausfiibrend,</span> <span class='ocrx_word' id='word_1_424' title='bbox 1589 1989 1650 2019; x_wconf 85' lang='lat' dir='ltr'>wie</span> <span class='ocrx_word' id='word_1_425' title='bbox 1684 1989 1719 2019; x_wconf 85' lang='lat' dir='ltr'>z‘n</span> 
     </span>
     <span class='ocr_line' id='line_1_65' title="bbox 1051 2033 1719 2074; baseline -0.001 -9"><span class='ocrx_word' id='word_1_426' title='bbox 1051 2044 1154 2065; x_wconf 73' lang='lat' dir='ltr'>cut-sa</span> <span class='ocrx_word' id='word_1_427' title='bbox 1169 2045 1250 2074; x_wconf 74' lang='lat' dir='ltr'>esse,</span> <span class='ocrx_word' id='word_1_428' title='bbox 1265 2034 1332 2065; x_wconf 83' lang='lat' dir='ltr'>Cic.</span> <span class='ocrx_word' id='word_1_429' title='bbox 1349 2034 1437 2065; x_wconf 85' lang='lat' dir='ltr'>Fam.</span> <span class='ocrx_word' id='word_1_430' title='bbox 1456 2034 1505 2071; x_wconf 84' lang='lat'>10,</span> <span class='ocrx_word' id='word_1_431' title='bbox 1524 2034 1573 2072; x_wconf 88' lang='lat'>15,</span> <span class='ocrx_word' id='word_1_432' title='bbox 1589 2033 1626 2063; x_wconf 87' lang='lat'><strong>2:</strong></span> <span class='ocrx_word' id='word_1_433' title='bbox 1642 2043 1719 2064; x_wconf 75' lang='lat' dir='ltr'>cur-</span> 
     </span>
     <span class='ocr_line' id='line_1_66' title="bbox 1051 2077 1720 2120; baseline 0 -11"><span class='ocrx_word' id='word_1_434' title='bbox 1051 2090 1111 2109; x_wconf 76' lang='lat' dir='ltr'>sus</span> <span class='ocrx_word' id='word_1_435' title='bbox 1129 2080 1293 2110; x_wconf 74' lang='lat' dir='ltr'>bonoram</span> <span class='ocrx_word' id='word_1_436' title='bbox 1309 2079 1536 2110; x_wconf 70' lang='lat' dir='ltr'>consiliorum.</span> <span class='ocrx_word' id='word_1_437' title='bbox 1559 2096 1604 2100; x_wconf 89' lang='lat'><strong>—</strong></span> <span class='ocrx_word' id='word_1_438' title='bbox 1627 2077 1720 2120; x_wconf 79' lang='lat' dir='ltr'>apud</span> 
     </span>
     <span class='ocr_line' id='line_1_67' title="bbox 1050 2122 1716 2166; baseline 0 -13"><span class='ocrx_word' id='word_1_439' title='bbox 1050 2134 1095 2166; x_wconf 68' lang='grc' dir='ltr'>μ,</span> <span class='ocrx_word' id='word_1_440' title='bbox 1112 2133 1137 2154; x_wconf 86' lang='lat' dir='ltr'>s.</span> <span class='ocrx_word' id='word_1_441' title='bbox 1154 2122 1182 2160; x_wconf 83' lang='lat'>3,</span> <span class='ocrx_word' id='word_1_442' title='bbox 1202 2124 1251 2161; x_wconf 82' lang='grc'>10,</span> <span class='ocrx_word' id='word_1_443' title='bbox 1267 2123 1303 2160; x_wconf 80' lang='lat'>3;</span> <span class='ocrx_word' id='word_1_444' title='bbox 1325 2134 1384 2154; x_wconf 85' lang='lat' dir='ltr'>zur</span> <span class='ocrx_word' id='word_1_445' title='bbox 1399 2124 1502 2155; x_wconf 80' lang='lat' dir='ltr'>Sacbe</span> <span class='ocrx_word' id='word_1_446' title='bbox 1518 2122 1571 2163; x_wconf 93' lang='grc'>22,</span> <span class='ocrx_word' id='word_1_447' title='bbox 1591 2123 1644 2162; x_wconf 83' lang='lat'>25,</span> <span class='ocrx_word' id='word_1_448' title='bbox 1666 2123 1716 2154; x_wconf 83' lang='lat'>12.</span> 
     </span>
     <span class='ocr_line' id='line_1_68' title="bbox 1050 2167 1715 2210; baseline 0.002 -12"><span class='ocrx_word' id='word_1_449' title='bbox 1050 2186 1094 2190; x_wconf 92' lang='lat'>—</span> <span class='ocrx_word' id='word_1_450' title='bbox 1111 2169 1321 2210; x_wconf 72' lang='lat' dir='ltr'>quoslsando</span> <span class='ocrx_word' id='word_1_451' title='bbox 1340 2174 1392 2200; x_wconf 87' lang='lat' dir='ltr'>etc</span> <span class='ocrx_word' id='word_1_452' title='bbox 1409 2194 1416 2207; x_wconf 89' lang='lat'>,</span> <span class='ocrx_word' id='word_1_453' title='bbox 1432 2180 1457 2200; x_wconf 88' lang='lat' dir='ltr'>s.</span> <span class='ocrx_word' id='word_1_454' title='bbox 1478 2169 1527 2207; x_wconf 82' lang='lat'>10,</span> <span class='ocrx_word' id='word_1_455' title='bbox 1543 2167 1572 2206; x_wconf 74' lang='lat'>8,</span> <span class='ocrx_word' id='word_1_456' title='bbox 1592 2168 1646 2199; x_wconf 87' lang='lat'>10:</span> <span class='ocrx_word' id='word_1_457' title='bbox 1665 2178 1715 2199; x_wconf 89' lang='lat' dir='ltr'>wo</span> 
     </span>
     <span class='ocr_line' id='line_1_69' title="bbox 1051 2211 1716 2245; baseline -0.002 -1"><span class='ocrx_word' id='word_1_458' title='bbox 1051 2224 1088 2244; x_wconf 85' lang='lat' dir='ltr'>er</span> <span class='ocrx_word' id='word_1_459' title='bbox 1104 2213 1174 2244; x_wconf 81' lang='lat' dir='ltr'>also</span> <span class='ocrx_word' id='word_1_460' title='bbox 1194 2214 1251 2245; x_wconf 88' lang='lat' dir='ltr'>mit</span> <span class='ocrx_word' id='word_1_461' title='bbox 1265 2214 1383 2245; x_wconf 80' lang='lat' dir='ltr'>vollem</span> <span class='ocrx_word' id='word_1_462' title='bbox 1400 2214 1523 2245; x_wconf 79' lang='lat' dir='ltr'>Reclite</span> <span class='ocrx_word' id='word_1_463' title='bbox 1542 2213 1630 2245; x_wconf 66' lang='lat' dir='ltr'>hatte</span> <span class='ocrx_word' id='word_1_464' title='bbox 1645 2211 1716 2244; x_wconf 79' lang='lat' dir='ltr'>auf-</span> 
     </span>
    </p>
   </div>
   <div class='ocr_carea' id='block_1_12' title="bbox 1050 2259 1716 2347">
    <p class='ocr_par' dir='ltr' id='par_1_15' title="bbox 1050 2259 1716 2347">
     <span class='ocr_line' id='line_1_70' title="bbox 1051 2259 1716 2302; baseline 0 -13"><span class='ocrx_word' id='word_1_465' title='bbox 1051 2263 1159 2289; x_wconf 79' lang='lat' dir='ltr'>treten</span> <span class='ocrx_word' id='word_1_466' title='bbox 1188 2259 1328 2290; x_wconf 71' lang='lat' dir='ltr'>konnen.</span> <span class='ocrx_word' id='word_1_467' title='bbox 1359 2278 1402 2281; x_wconf 94' lang='lat'>—</span> <span class='ocrx_word' id='word_1_468' title='bbox 1430 2262 1549 2302; x_wconf 78' lang='lat' dir='ltr'>imper.</span> <span class='ocrx_word' id='word_1_469' title='bbox 1577 2269 1716 2299; x_wconf 78' lang='lat' dir='ltr'>meeum,</span> 
     </span>
     <span class='ocr_line' id='line_1_71' title="bbox 1050 2303 1715 2347; baseline 0.002 -14"><span class='ocrx_word' id='word_1_470' title='bbox 1050 2303 1102 2343; x_wconf 62' lang='lat'><strong>2⁴5,</strong></span> <span class='ocrx_word' id='word_1_471' title='bbox 1135 2304 1188 2344; x_wconf 83' lang='grc'>24,</span> <span class='ocrx_word' id='word_1_472' title='bbox 1214 2304 1243 2335; x_wconf 90' lang='grc'>3.</span> <span class='ocrx_word' id='word_1_473' title='bbox 1266 2323 1310 2327; x_wconf 77' lang='lat'>—</span> <span class='ocrx_word' id='word_1_474' title='bbox 1331 2306 1432 2336; x_wconf 75' lang='lat' dir='ltr'>rebus</span> <span class='ocrx_word' id='word_1_475' title='bbox 1462 2323 1505 2326; x_wconf 92' lang='lat'>-—</span> <span class='ocrx_word' id='word_1_476' title='bbox 1532 2304 1715 2347; x_wconf 69' lang='lat' dir='ltr'>pmserret,</span> 
     </span>
    </p>
   </div>
   <div class='ocr_carea' id='block_1_13' title="bbox 1045 2348 1717 2660">
    <p class='ocr_par' dir='ltr' id='par_1_16' title="bbox 1045 2348 1717 2660">
     <span class='ocr_line' id='line_1_72' title="bbox 1048 2348 1717 2381; baseline 0.001 -2"><span class='ocrx_word' id='word_1_477' title='bbox 1048 2349 1108 2379; x_wconf 86' lang='lat' dir='ltr'>der</span> <span class='ocrx_word' id='word_1_478' title='bbox 1132 2349 1244 2380; x_wconf 86' lang='lat' dir='ltr'>Grund</span> <span class='ocrx_word' id='word_1_479' title='bbox 1266 2350 1374 2381; x_wconf 88' lang='lat' dir='ltr'>seines</span> <span class='ocrx_word' id='word_1_480' title='bbox 1400 2348 1603 2381; x_wconf 71' lang='lat' dir='ltr'>Vei-fabrens</span> <span class='ocrx_word' id='word_1_481' title='bbox 1627 2350 1717 2380; x_wconf 84' lang='lat' dir='ltr'>steht</span> 
     </span>
     <span class='ocr_line' id='line_1_73' title="bbox 1048 2394 1715 2434; baseline 0 -10"><span class='ocrx_word' id='word_1_482' title='bbox 1048 2394 1255 2434; x_wconf 70' lang='lat' dir='ltr'>uuabbiingig</span> <span class='ocrx_word' id='word_1_483' title='bbox 1278 2406 1340 2426; x_wconf 88' lang='lat' dir='ltr'>von</span> <span class='ocrx_word' id='word_1_484' title='bbox 1365 2395 1436 2426; x_wconf 85' lang='lat' dir='ltr'>dem</span> <span class='ocrx_word' id='word_1_485' title='bbox 1456 2395 1658 2433; x_wconf 81' lang='lat' dir='ltr'>Vorhergeli.</span> <span class='ocrx_word' id='word_1_486' title='bbox 1683 2395 1715 2424; x_wconf 85' lang='lat' dir='ltr'>iu</span> 
     </span>
     <span class='ocr_line' id='line_1_74' title="bbox 1047 2439 1715 2483; baseline -0.001 -13"><span class='ocrx_word' id='word_1_487' title='bbox 1047 2439 1261 2471; x_wconf 80' lang='lat' dir='ltr'>Parentliese.</span> <span class='ocrx_word' id='word_1_488' title='bbox 1275 2459 1314 2462; x_wconf 80' lang='lat'>—</span> <span class='ocrx_word' id='word_1_489' title='bbox 1331 2443 1526 2483; x_wconf 75' lang='lat' dir='ltr'>compm·at.,</span> <span class='ocrx_word' id='word_1_490' title='bbox 1540 2439 1644 2478; x_wconf 74' lang='lat' dir='ltr'>gleieli</span> <span class='ocrx_word' id='word_1_491' title='bbox 1659 2449 1715 2478; x_wconf 86' lang='lat' dir='ltr'>ge-</span> 
     </span>
     <span class='ocr_line' id='line_1_75' title="bbox 1047 2484 1715 2526; baseline -0.001 -11"><span class='ocrx_word' id='word_1_492' title='bbox 1047 2485 1153 2525; x_wconf 86' lang='lat' dir='ltr'>stellt,</span> <span class='ocrx_word' id='word_1_493' title='bbox 1185 2485 1251 2524; x_wconf 72' lang='lat' dir='ltr'>vgl.</span> <span class='ocrx_word' id='word_1_494' title='bbox 1270 2485 1322 2523; x_wconf 77' lang='lat'>24,</span> <span class='ocrx_word' id='word_1_495' title='bbox 1342 2486 1370 2526; x_wconf 73' lang='lat' dir='ltr'>S,</span> <span class='ocrx_word' id='word_1_496' title='bbox 1391 2486 1419 2515; x_wconf 77' lang='lat'>7.</span> <span class='ocrx_word' id='word_1_497' title='bbox 1437 2504 1480 2507; x_wconf 97' lang='lat'><strong>—</strong></span> <span class='ocrx_word' id='word_1_498' title='bbox 1497 2484 1620 2516; x_wconf 68' lang='lat' dir='ltr'>vedum</span> <span class='ocrx_word' id='word_1_499' title='bbox 1638 2485 1715 2523; x_wconf 75' lang='lat' dir='ltr'>geht</span> 
     </span>
     <span class='ocr_line' id='line_1_76' title="bbox 1045 2529 1714 2562; baseline -0.001 -2"><span class='ocrx_word' id='word_1_500' title='bbox 1045 2530 1104 2561; x_wconf 85' lang='lat' dir='ltr'>auf</span> <span class='ocrx_word' id='word_1_501' title='bbox 1124 2541 1178 2562; x_wconf 62' lang='lat' dir='ltr'>‘me</span> <span class='ocrx_word' id='word_1_502' title='bbox 1200 2531 1398 2562; x_wconf 72' lang='lat' dir='ltr'>dc&#39;ctatorem</span> <span class='ocrx_word' id='word_1_503' title='bbox 1426 2549 1469 2552; x_wconf 93' lang='lat'>—</span> <span class='ocrx_word' id='word_1_504' title='bbox 1498 2529 1633 2561; x_wconf 68' lang='lat' dir='ltr'>audivit</span> <span class='ocrx_word' id='word_1_505' title='bbox 1656 2539 1714 2559; x_wconf 80' lang='lat' dir='ltr'>zu-</span> 
     </span>
     <span class='ocr_line' id='line_1_77' title="bbox 1046 2575 1710 2615; baseline -0.003 -9"><span class='ocrx_word' id='word_1_506' title='bbox 1046 2576 1143 2607; x_wconf 84' lang='lat' dir='ltr'>riiek:</span> <span class='ocrx_word' id='word_1_507' title='bbox 1176 2576 1385 2615; x_wconf 75' lang='lat' dir='ltr'>gescliweige</span> <span class='ocrx_word' id='word_1_508' title='bbox 1415 2576 1497 2605; x_wconf 86' lang='lat' dir='ltr'>denn</span> <span class='ocrx_word' id='word_1_509' title='bbox 1532 2575 1608 2606; x_wconf 81' lang='lat' dir='ltr'>dass</span> <span class='ocrx_word' id='word_1_510' title='bbox 1642 2575 1710 2612; x_wconf 75' lang='lat' dir='ltr'>ich3</span> 
     </span>
     <span class='ocr_line' id='line_1_78' title="bbox 1046 2619 1710 2660; baseline -0.003 -9"><span class='ocrx_word' id='word_1_511' title='bbox 1046 2622 1127 2653; x_wconf 89' lang='lat' dir='ltr'>noch</span> <span class='ocrx_word' id='word_1_512' title='bbox 1158 2621 1224 2652; x_wconf 89' lang='lat' dir='ltr'>viel</span> <span class='ocrx_word' id='word_1_513' title='bbox 1253 2621 1400 2660; x_wconf 81' lang='lat' dir='ltr'>wenigei·</span> <span class='ocrx_word' id='word_1_514' title='bbox 1428 2620 1539 2651; x_wconf 82' lang='lat' dir='ltr'>werde</span> <span class='ocrx_word' id='word_1_515' title='bbox 1572 2619 1633 2650; x_wconf 84' lang='lat' dir='ltr'>ich.</span> <span class='ocrx_word' id='word_1_516' title='bbox 1666 2637 1710 2641; x_wconf 87' lang='lat'>——</span> 
     </span>
    </p>
   </div>
   <div class='ocr_carea' id='block_1_14' title="bbox 1757 1095 1770 1127">
    <p class='ocr_par' dir='ltr' id='par_1_17' title="bbox 1757 1095 1770 1127">
     <span class='ocr_line' id='line_1_79' title="bbox 1757 1095 1770 1127; baseline 0 0"><span class='ocrx_word' id='word_1_517' title='bbox 1757 1095 1770 1127; x_wconf 87' lang='lat'>1</span> 
     </span>
    </p>
   </div>
  </div>
 </body>
</html>
