1784 2967
58 872 97 904 10

58 1159 95 1190 15

602 248 724 281 LIBER
744 248 853 282 xxv.
886 250 977 283 CAP.
998 253 1050 285 40.
1453 253 1529 293 197

130 267 155 284 a.
173 260 225 285 Cli.
242 260 301 284 212¹.

132 358 172 392 ut
191 363 271 391 non
292 353 411 391 modo
434 364 545 391 suam
566 351 724 404 gloriam
748 352 814 390 sed
824 352 943 391 ”etiam
962 354 1198 394 maiestatem
1217 355 1350 407 populi
1366 355 1531 394 Romani

130 414 304 460 augeret,
335 415 557 448 ornamenta
580 409 707 455 urhis,
733 409 839 458 signa
861 409 1100 461 tabulasque,
1122 412 1261 463 quibus
1285 412 1530 451 abundabant

129 466 356 518 Syracusae,
385 467 548 505 Romam
576 465 739 512 devexit,
767 465 938 504 hostium
963 467 1117 517 quidem
1139 469 1199 507 illa
1221 468 1342 520 spolia
1364 474 1400 508 et
1419 474 1527 520 parta

129 522 213 561 belli
236 522 334 569 iure,
363 529 529 562 ceterum
553 522 641 560 inde
663 522 829 573 primum
853 522 1001 561 initium
1024 524 1189 563 mirandi
1212 526 1444 565 Graecarum
1467 539 1528 565 ar-

129 579 223 618 tium
248 592 363 630 opera
385 579 633 629 licentiaeque
655 579 743 617 huic
764 592 869 618 sacra
891 580 1132 631 profanaque
1153 582 1280 620 omnia
1303 582 1415 634 vulgo
1434 595 1528 633 spo-

129 636 242 674 liandi
263 637 404 675 factum
427 642 502 683 est,
532 648 627 686 quae
649 642 849 686 postremo
872 636 908 675 in
931 636 1128 675 Romanos
1152 638 1262 685 deos,
1283 640 1469 690 templum
1492 639 1529 678 id

129 693 256 744 ipsum
292 693 477 743 primum,
516 693 619 743 quod
655 705 673 731 a
701 693 874 732 Marcello
911 693 1046 732 eximie
1081 698 1259 732 ornatum
1293 700 1370 741 est,
1404 696 1527 734 vertit.

128 749 346 788 visebantur
373 750 473 788 enim
503 749 548 788 ab
577 750 743 787 externis
774 751 819 788 ad
846 755 998 801 portam
1023 750 1216 802 Capenam
1245 751 1417 790 dedicata
1437 765 1457 790 a
1478 753 1527 790 M.
1558 784 1563 792 .

127 806 299 844 Marcello
322 807 461 857 templa
483 811 643 857 propter
664 807 878 845 excellentia
902 807 982 845 eius
1000 807 1148 857 generis
1168 813 1405 853 ornamenta,
1429 821 1527 859 quo-

126 875 210 902 rum
238 863 441 914 perexigua
470 876 559 914 pars
589 870 799 915 comparet.
841 864 1069 914 Legationes
1100 864 1272 903 omnium
1294 865 1414 903 ferme
1437 865 1527 903 civi-

124 919 255 959 tatium
287 920 433 958 Siciliae
470 921 515 959 ad
553 933 638 958 eum
678 920 966 960 conveniebant.
1013 921 1144 972 dispar
1175 926 1215 960 ut
1244 934 1355 960 causa
1385 933 1530 967 earum,

124 976 173 1015 ita
197 977 371 1015 condicio
395 982 484 1016 erat.
527 977 590 1027 qui
613 982 698 1015 ante
720 984 846 1028 captas
871 978 1077 1028 Syracusas
1100 982 1164 1016 aut
1185 990 1265 1016 non
1287 978 1530 1017 desciverant

125 1039 189 1072 aut
210 1033 399 1072 redierant
422 1034 459 1072 in
483 1034 700 1079 amicitiam,
721 1039 763 1072 ut
784 1035 878 1073 socii
901 1033 1029 1072 fideles
1052 1034 1196 1085 accepti
1219 1034 1402 1085 cultique;
1431 1047 1528 1085 quos

125 1095 252 1128 metus
280 1096 370 1141 post
400 1095 529 1142 captas
552 1091 760 1142 Syracusas
790 1091 1003 1136 dediderat,
1034 1096 1074 1129 ut
1100 1091 1184 1129 victi
1213 1104 1231 1129 a
1262 1093 1404 1130 victore
1424 1091 1527 1142 leges

125 1152 365 1197 acceperunt.
407 1154 514 1186 erant
546 1152 675 1186 tamen
711 1148 808 1186 haud
833 1160 968 1198 parvae
989 1147 1168 1198 reliquiae
1188 1147 1274 1186 belli
1297 1149 1395 1186 circa
1416 1148 1527 1199 Agri·
1558 1155 1568 1182 .·

125 1208 282 1254 gentum
307 1204 511 1250 Romanis,
539 1204 725 1255 Epicydes
756 1209 791 1242 et
814 1204 952 1242 Hanno
981 1204 1096 1243 duces
1125 1205 1257 1255 reliqui
1279 1204 1420 1255 prioris
1442 1205 1527 1244 belli

125 1266 161 1299 et
188 1261 322 1300 tertius
348 1273 471 1299 novus
493 1261 539 1299 ab
561 1260 770 1299 Hannibale
794 1261 830 1299 in
853 1261 979 1299 locum
1004 1261 1249 1312 Hippocratis
1272 1262 1434 1307 missus,
1462 1262 1526 1300 Li—

123 1376 160 1405 ul
183 1383 248 1404 non
266 1391 310 1395 ——
324 1373 483 1414 gloriam.
504 1392 540 1395 ἡ
562 1375 711 1414 marest„
736 1373 787 1404 die

123 1429 160 1450 31
177 1418 207 1449 in
226 1418 358 1450 Sicilien
376 1423 506 1450 vertrat
523 1419 587 1450 und
606 1429 666 1450 zur
684 1419 789 1450 Aner-

122 1464 275 1504 kennung
292 1464 436 1495 brachte.
455 1483 499 1487 —
515 1466 616 1505 signa
635 1467 669 1503 t„
689 1474 715 1496 S.
734 1464 787 1504 27,

126 1509 174 1550 16,
193 1509 229 1547 73
249 1508 306 1549 32,
328 1509 382 1549 16,
404 1509 459 1541 17:
478 1511 577 1551 signa
595 1509 788 1551 tabulaeque

121 1557 254 1598 priscae
269 1556 375 1596 a1·t1'.s·;
396 1555 488 1586 beide
508 1555 578 1586 sind
598 1555 786 1595 Erkliirung

123 1610 183 1631 von
202 1603 410 1632 ornamenta.
438 1600 506 1631 Zur
520 1600 623 1631 Sache
639 1601 704 1641 vgl.
721 1600 786 1631 Cic.

123 1645 220 1677 Verr.
240 1646 269 1688 4,
288 1646 344 1683 55,
368 1645 446 1677 123:
465 1645 656 1686 Marcellus,
675 1648 741 1689 qui,
761 1648 792 1677 si

120 1690 311 1734 Syracusas
335 1694 492 1734 cepisset,
518 1691 583 1723 duo
609 1692 731 1736 templa
754 1702 789 1722 se

121 1736 248 1768 Romae
264 1737 499 1769 cledz'camrmn
522 1740 675 1777 voverat,
699 1739 728 1768 is
744 1737 788 1777 sd,

123 1782 212 1824 qaod
236 1785 309 1813 erat
333 1782 590 1824 aeclficaMrus,
618 1784 659 1813 iis
687 1784 788 1814 rebm-

125 1837 255 1863 ornare,
273 1837 355 1868 quas
372 1830 514 1870 ceperat,
532 1827 639 1858 noluit
657 1832 719 1859 etc.

170 1871 266 1903 2—3.
285 1872 432 1904 hostium
451 1877 527 1910 etc.,
543 1872 787 1913 obgleichlllar—

124 1918 227 1948 cellus
254 1918 332 1948 nach
359 1918 428 1948 dem
453 1916 689 1957 Hriegsrechte
723 1918 786 1948 und

123 1963 194 1994 dem
213 1962 422 1994 Grundsatze
441 1963 567 2003 Digest.
587 1962 651 2001 XI,
673 1963 707 2001 7,
727 1962 785 1993 36:

123 2018 198 2040 cum
226 2007 297 2040 loca
326 2011 424 2051 capla
453 2011 534 2040 sunt
557 2010 597 2040 ab
622 2009 787 2048 hostibus,

125 2055 234 2086 omnia
256 2053 414 2085 desinunt
434 2053 595 2095 relzgz'osa
619 2054 670 2085 rel
690 2064 789 2086 saera

123 2110 207 2139 esse,
226 2109 262 2130 so
280 2098 454 2130 verfahren
471 2099 604 2139 konnte,
625 2110 660 2130 so
680 2100 734 2131 hat
751 2110 788 2130 er

124 2145 206 2176 (loch
224 2145 365 2176 dadurch
385 2145 435 2175 ein
454 2145 550 2176 biises
570 2144 709 2187 Beispiel
728 2155 787 2185 ge-

124 2190 239 2230 geben.
257 2208 300 2212 —
325 2188 438 2222 Graec.
463 2193 529 2222 art.
556 2200 624 2234 op.,
647 2190 790 2230 griechi-

126 2233 450 2272 scheKunstwerke;
464 2237 602 2276 artium,
615 2236 792 2267 1131113311-

126 2290 200 2312 1313
217 2278 344 2311 Hiinste
363 2281 507 2320 gemeint
530 2281 612 2312 siud.
631 2300 673 2303 -—
691 2281 789 2313 licen>-

126 2328 191 2357 lz'ae
214 2326 273 2357 mit
301 2325 522 2357 veriinderter
544 2326 788 2366 Construction,

125 2382 187 2402 von
218 2372 348 2402 initiam
370 2371 489 2412 facere
517 2372 696 2412 abhiingig,
726 2372 788 2403 wie

126 2416 274 2449 mi'ransli
289 2427 350 2447 von
368 2417 501 2448 initium
514 2441 521 2455 ‚
540 2427 565 2447 s.
586 2428 626 2448 zu
648 2417 659 2448 1
675 2441 682 2456 ,
704 2417 731 2455 1,
750 2417 787 2448 S:

126 2462 178 2500 32,
195 2462 247 2502 21,
263 2461 315 2499 22,
332 2462 370 2492 (13
385 2462 442 2493 das
459 2463 582 2494 mirari
597 2462 719 2493 damals
739 2473 791 2493 so-

123 2508 231 2548 gleich
255 2507 397 2549 begann,
424 2507 475 2538 die
503 2507 636 2549 sp'zitere
661 2507 794 2539 lz'centia

127 2553 184 2584 das
202 2553 369 2593 gegebene
386 2552 527 2595 sseispiel
542 2553 718 2593 gleichsam
736 2553 792 2584 be-

127 2602 228 2639 nutzt,
249 2609 289 2629 zu
307 2598 383 2630 hnic
402 2608 428 2629 s.
450 2599 483 2640 1,
502 2599 555 2637 55,
574 2598 603 2630 9.
622 2617 662 2620 —
683 2598 793 2641 vulgo,

126 2644 311 2685 allgemein,
326 2654 361 2675 so
377 2644 452 2675 dass
468 2654 503 2675 es
512 2643 795 2684 Alleungescheut

129 2689 225 2730 thun,
250 2689 314 2729 vgl.
342 2689 421 2720 Sall.
445 2688 478 2720 C.
508 2689 563 2722 11,
588 2689 617 2721 6.
636 2709 679 2712 —
701 2689 794 2722 Rom.

862 1374 953 1415 deos,
971 1374 1040 1405 ihre
1058 1374 1204 1416 Tempel.
1223 1392 1266 1397 -—
1285 1377 1358 1406 lem.
1376 1373 1426 1413 z'cl,
1446 1374 1527 1405 stei-

861 1421 1003 1459 gerndes
1017 1421 1223 1462 Asyndeton.
1259 1419 1342 1451 &Vas
1361 1420 1431 1450 hier
1446 1422 1528 1451 tem-

859 1465 951 1508 plum
976 1466 1019 1496 ist
1044 1465 1188 1505 sogleich
1220 1465 1342 1509 templa
1373 1469 1528 1505 genannt,

862 1511 926 1549 vgl.
946 1510 1005 1550 27,
1025 1510 1084 1549 253
1111 1510 1168 1549 29,
1196 1510 1246 1541 11.
1265 1530 1309 1533 —
1326 1511 1526 1550 visebantur,

861 1556 924 1586 wie
943 1554 990 1587 oft
1007 1566 1070 1586 von
1091 1556 1461 1596 Sehenswiirdigkeiten
1480 1558 1527 1587 vi-

860 1601 975 1633 senda.
994 1620 1037 1623 —
1054 1602 1099 1633 ad
1118 1604 1206 1644 port.
1226 1600 1274 1640 C,
1299 1601 1364 1641 vgl.
1391 1600 1447 1641 26,
1474 1600 1526 1640 32,

863 1647 899 1685 4;
927 1647 1051 1678 Becker
1079 1648 1111 1685 1,
1139 1647 1215 1678 509.
1240 1650 1440 1690 —propter
1461 1657 1527 1683 ean,

863 1693 952 1724 nicht
966 1693 1055 1723 ihrer
1069 1692 1174 1724 selbst
1189 1702 1316 1732 wegen.
1330 1710 1374 1714 —
1388 1702 1528 1734 quorum

861 1749 904 1781 p.,
920 1738 1076 1768 wiihrend
1096 1737 1208 1779 (jetzt,
1232 1747 1300 1768 was
1319 1738 1418 1768 durch
1438 1748 1527 1769 com-

860 1785 961 1826 paret
974 1794 1035 1813 nur
1049 1784 1248 1822 angedeutet
1261 1783 1316 1821 ist)
1333 1793 1394 1813 nur
1409 1793 1439 1814 u.
1451 1793 1528 1814 s.w.

908 1828 938 1859 4.
980 1838 1099 1869 causa,
1131 1828 1181 1859 ihr
1209 1827 1418 1859 Verh'altniss
1448 1828 1528 1859 nach

863 1873 933 1904 dem
947 1875 1124 1912 grosseren
1141 1874 1222 1904 oder
1235 1873 1432 1913 geringeren
1444 1872 1528 1905 Gra-

862 1919 900 1949 de
914 1918 1118 1953 derSchuld;
1133 1918 1290 1957 condicio,
1305 1919 1362 1949 das
1372 1918 1529 1951 Verha'lt-

862 1965 948 1999 niss,
973 1964 1003 1994 in
1023 1965 1081 1995 das
1100 1964 1147 1995 sie
1166 1975 1206 1995 zu
1223 1963 1303 1995 Rom
1321 1963 1482 2003 kommen,
1503 1974 1529 1994 s.

862 2009 914 2051 35,
933 2009 985 2047 39,
1006 2009 1041 2048 73
1062 2009 1116 2049 22,
1136 2009 1188 2049 59,
1207 2008 1238 2040 2.
1257 2028 1296 2031 fi
1317 2012 1356 2041 ul
1372 2009 1529 2052 soc.fid.,

862 2054 954 2086 Diod.
965 2055 1030 2086 Sic.
1041 2054 1069 2096 4,
1082 2054 1121 2086 83
1131 2059 1234 2086 extu:
1252 2052 1530 2098 τάςμὲνπιστο-

861 2097 970 2135 ultas·
987 2100 1058 2132 τῶν
1080 2098 1169 2131 κατὰ
1187 2096 1251 2138 τὴν
1268 2100 1440 2132 Σικελίαν
1458 2097 1530 2132 πό-

863 2145 954 2177 λεων
964 2143 1076 2181 οἰῗσας
1090 2143 1350 2177 ἑπτακαίδεκα.
1363 2163 1408 2168 —
1420 2149 1530 2177 metus

865 2191 969 2230 trad,
989 2190 1132 2223 bewirkt
1149 2191 1259 2231 hatte,
1279 2191 1371 2231 dass,
1390 2191 1456 2230 vgl.
1475 2190 1527 2228 43,

866 2237 876 2267 1
892 2262 899 2278 ,
920 2236 975 2267 12;
998 2239 1108 2268 metus
1135 2236 1174 2268 de
1191 2236 1324 2268 consule
1339 2254 1383 2258 ——
1400 2235 1529 2267 distulit

862 2292 988 2323 caram,
1004 2293 1045 2313 zu
1058 2282 1112 2321 21,
1128 2281 1157 2321 2,
1173 2281 1211 2320 33
1231 2281 1289 2312 der
1304 2281 1527 2320 Reweggrund

862 2328 905 2358 ist
919 2327 1056 2368 Subject
1070 2327 1257 2366 geworden,
1276 2326 1338 2356 wie
1357 2325 1529 2357 313111531-

863 2378 914 2404 133
934 2373 984 2403 bei
1003 2372 1127 2404 Livius.
1145 2391 1188 2394 -
1205 2371 1307 2413 leges,
1328 2371 1381 2409 31,
1403 2370 1453 2409 11,
1474 2371 1524 2402 17.

910 2419 939 2449 5.
963 2418 1132 2459 Romanis,
1147 2418 1198 2448 die
1215 2418 1261 2447 sie
1279 2427 1318 2447 zu
1335 2414 1527 2457 bekiimpfen

864 2465 988 2495 hatten.
1007 2482 1051 2485 —
1068 2465 1206 2504 Agrign,
1226 2472 1250 2493 S.
1270 2472 1296 2492 c.
1316 2460 1370 2492 23.
1385 2480 1423 2483 -
1440 2461 1528 2493 Han-

864 2520 918 2549 no,
937 2509 996 2540 (131·
1012 2519 1050 2539 an
1070 2508 1226 2539 Himilcos
1252 2506 1356 2538 stelle
1374 2510 1525 2546 getreten

866 2555 920 2593 ist,
940 2565 964 2585 s.
984 2565 1010 2585 c.
1029 2553 1081 2592 26,
1104 2552 1153 2583 14.
1170 2571 1213 2575 —
1231 2553 1271 2583 ab
1290 2551 1382 2590 Han„
1401 2552 1460 2583 der
1476 2552 1528 2583 al-

868 2611 903 2631 so
923 2600 974 2630 die
994 2598 1154 2638 Hoffnung
1171 2597 1304 2628 Sicilicn
1325 2607 1365 2628 zu
1383 2597 1527 2639 behaup-

869 2650 921 2676 ten
948 2645 1028 2675 noch
1052 2644 1140 2674 nicht
1166 2640 1369 2682 aufgegeben
1395 2643 1459 2674 hat.
1485 2661 1528 2666 —

870 2690 1084 2732 Lv‘hyphoen„
1102 2687 1122 2729 ξ
1143 2687 1194 2724 12,
1213 2699 1252 2719 zu
1270 2687 1322 2725 21,
1341 2687 1398 2728 22,
1418 2687 1455 2727 33
1475 2687 1528 2729 34,
