1784 2967
181 348 188 368 d

154 1014 189 1046 ll

158 1294 195 1326 12

156 1408 196 1440 13

227 224 304 265 182

696 219 823 254 LIBER
840 220 951 255 XXV.
985 221 1077 255 CAP.
1096 220 1148 254 34.

1475 238 1501 255 a.
1518 238 1545 255 11.
1561 230 1622 256 542.

223 339 284 366 ma
306 330 397 372 erat,
420 324 563 364 Poenis
586 323 858 370 coniunxisset,
881 324 957 363 dux
979 328 1112 363 cautus
1134 328 1172 362 et
1191 322 1397 374 providens
1416 322 1546 374 Scipio
1567 322 1624 361 vi-

223 389 305 422 ctus
327 381 621 421 necessitatibus
642 380 889 420 temerarium
909 380 1008 431 capit
1036 379 1250 426 consilium,
1271 385 1313 418 ut
1329 384 1442 418 nocte
1465 379 1625 418 Indebili

223 439 373 478 obviam
394 439 464 477 iret
484 442 532 484 et,
551 449 794 489 quocumque
812 437 1043 476 occurrisset
1061 437 1160 483 loro,
1181 436 1369 487 proelium
1393 440 1624 475 consereret.

174 504 192 535 8
222 495 352 535 relicto
375 494 489 545 igitur
509 494 663 533 modico
684 494 879 544 praesidio
902 494 941 532 in
963 493 1098 532 castris
1120 493 1419 544 praepositoque
1439 492 1495 531 Ti.
1517 493 1624 531 Fon-

221 552 298 590 teio
331 551 456 602 legato
492 550 618 590 media
644 554 757 589 nocte
785 550 984 601 profectus
1017 562 1103 589 cum
1133 549 1252 588 obviis
1281 549 1458 588 hostibus
1487 560 1625 588 manus

175 619 194 651 9
225 607 433 648 conseruit.
473 607 622 658 agmina
640 607 762 657 magis
780 619 894 657 quam
913 606 1011 645 acies
1029 606 1264 657 pugnabant,
1287 605 1468 657 superior
1482 610 1624 651 tamen,

222 670 264 704 ut
283 664 323 703 in
343 664 590 704 tumultuaria
611 675 752 715 pugna,
774 664 976 702 Romanus
1000 668 1089 702 erat.
1131 668 1297 701 ceterum
1321 667 1357 701 et
1377 662 1524 713 equites
1545 662 1626 701 Nu-

222 721 346 760 midae
366 725 537 772 repente,
562 732 659 772 quos
680 719 860 758 fefellisse
881 731 922 758 se
944 719 1020 758 dux
1041 724 1146 758 ratus
1169 724 1260 766 erat,
1283 719 1328 758 ab
1349 718 1530 766 lateribus
1550 718 1626 757 cir-

154 787 192 817 10
222 778 390 817 cumfusi
411 789 592 828 magnum
609 781 797 815 terrorem
816 775 987 814 intulere.
1024 781 1222 815 contracto
1241 776 1424 815 adversus
1440 775 1625 814 Numidas

225 834 431 873 certamine
452 845 553 872 novo
574 832 710 871 tertius
732 833 892 883 insuper
912 831 1064 871 advenit
1079 832 1217 878 hostis,
1239 833 1356 871 duces
1372 832 1494 871 Poeni
1512 832 1625 870 adse-

226 890 302 930 cuti
328 890 374 929 ab
395 895 502 940 tergo
525 889 599 927 iam
621 888 846 940 pugnantis3
877 900 1097 939 ancepsque
1117 888 1309 939 proelium
1330 889 1529 927 Romanos
1553 888 1627 927 cir-

222 950 472 986 cumsteterat
503 945 690 991 incertos,
726 945 765 984 in
799 957 913 996 quem
938 944 1187 996 potissimum
1216 945 1369 984 hostem
1399 957 1559 996 quamve
1588 944 1626 983 in

222 1008 370 1055 partem
399 1002 561 1041 conferti
588 1001 829 1053 eruptionem
857 1002 1038 1040 facerent.
1079 1002 1264 1052 pugnanti
1286 1001 1532 1052 hortantique
1552 1001 1627 1039 im-

221 1059 390 1111 peratori
419 1064 456 1098 et
483 1058 659 1098 offerenti
687 1071 745 1105 se,
773 1058 838 1097 ubi
859 1058 1051 1109 plurimus
1072 1058 1181 1096 labor
1200 1063 1297 1104 erat,
1328 1058 1425 1097 latus
1449 1058 1626 1097 dextrum

220 1117 348 1156 lancea
369 1115 560 1161 traicitur3
583 1127 804 1166 cuneusque
825 1115 857 1154 is
881 1115 1065 1161 hostium,
1089 1114 1153 1165 qui
1170 1114 1208 1153 in
1226 1114 1421 1153 confertos
1440 1114 1537 1153 circa
1554 1114 1626 1153 du-

222 1185 307 1212 cem
327 1172 517 1223 impetum
536 1171 687 1217 fecerat,
710 1177 752 1210 ut
775 1171 987 1210 exanimem
1010 1171 1200 1210 labentem
1225 1184 1269 1210 ex
1286 1184 1386 1222 equo
1406 1171 1628 1222 Scipionem

222 1229 335 1276 vidit,
363 1229 506 1267 alacres
534 1228 672 1279 gaudio
702 1240 788 1267 cum
817 1228 983 1267 clamore
1010 1240 1078 1279 per
1105 1232 1226 1266 totam
1256 1229 1377 1267 aciem
1405 1227 1628 1267 nuntiantes

224 1286 448 1325 discurrunt
474 1285 749 1336 imperatorem
768 1285 987 1324 Romanum
1018 1284 1209 1323 cecidisse.
1252 1297 1294 1323 ea
1314 1290 1515 1335 pervagata
1536 1297 1628 1335 pas-

226 1342 300 1382 sim
328 1354 402 1381 vox
430 1346 473 1380 ut
501 1346 538 1380 et
565 1342 698 1380 hostes
726 1341 826 1380 haud
855 1341 968 1380 dubie
992 1353 1063 1392 pro
1085 1340 1292 1380 victoribus
1315 1346 1351 1380 et
1371 1340 1535 1379 Romani
1555 1353 1626 1392 pro

224 1398 334 1438 victis
356 1403 488 1437 essent
507 1398 609 1437 fecit.
649 1398 738 1449 fuga
760 1398 963 1437 confestim
986 1411 1030 1436 ex
1052 1397 1131 1437 acie
1152 1397 1247 1437 duce
1268 1397 1412 1437 amisso
1434 1397 1516 1436 fieri
1538 1410 1627 1437 coe-

221 1531 366 1564 numque
381 1539 426 1544 —
443 1520 638 1564 depopulati
650 1524 740 1553 suut.
755 1539 797 1544 —
812 1532 891 1554 caa-

223 1569 277 1599 tas
301 1578 328 1598 e.
349 1577 403 1610 μ,
426 1571 521 1598 sonst
544 1567 595 1598 ein
621 1566 799 1607 Fcfflherr,
832 1568 891 1599 der

222 1612 290 1644 sich
315 1612 424 1643 sicher
447 1622 487 1643 zu
510 1612 630 1643 stellen
662 1612 724 1643 und
756 1613 888 1644 zweck-

222 1657 365 1697 miissige
380 1656 587 1698 Massregeln
606 1656 659 1688 fiir
676 1657 727 1688 die
742 1656 889 1690 Zukunft

222 1713 263 1733 zu
292 1701 409 1734 treffen
438 1707 574 1735 wusste.
603 1721 647 1725 ——
677 1704 766 1745 capit
788 1713 814 1734 e.
838 1706 886 1744 nt,

221 1748 293 1779 eine
312 1747 363 1779 bei
382 1747 419 1778 L.
445 1748 535 1779 nicht
559 1747 688 1788 h'ziufige
707 1748 886 1780 Construc-

220 1792 299 1831 tion,
317 1792 383 1833 vgl.
403 1803 431 1824 c.
450 1792 502 1833 37,
522 1792 576 1824 17:
594 1792 640 1824 ad
654 1793 829 1825 consiliam
846 1813 884 1817 —

219 1839 373 1870 animum
397 1837 536 1877 adiecit,
561 1841 600 1870 ut
622 1843 702 1876 εἴας
730 1838 795 1870 Cic.
819 1838 888 1871 Att.

222 1884 239 1914 7
251 1908 258 1922 ,
287 1882 342 1915 10:
366 1885 477 1915 sabito
494 1883 670 1915 consilinm
687 1885 768 1927 cepi,
794 1887 830 1916 at
846 1903 890 1907 —

221 1930 370 1967 emirem;
390 1929 432 1959 ib.
450 1928 485 1969 2,
504 1928 563 1968 24,
582 1928 616 1959 3:
642 1929 815 1961 consiliam
833 1932 890 1968 ut‚·

222 1973 312 2005 Fam.
331 1973 362 2014 9,
381 1973 409 2014 2,
429 1973 466 2011 23
487 1973 529 2005 ib.
551 1973 607 2012 11,
630 1973 687 2011 10,
707 1974 888 2015 4;15,15,

225 2019 258 2049 1:
285 2017 430 2050 adduoez‘t
450 2018 496 2050 ad
518 2017 554 2049 id
574 2019 749 2050 consilinm
772 2022 811 2051 ut
826 2024 890 2052 ete.

220 2074 251 2105 p.
276 2062 365 2094 Tull.
390 2062 448 2094 34:
479 2063 652 2095 consilium
676 2066 815 2108 capiunt
836 2067 890 2103 ut;

223 2108 317 2140 Caes.
338 2108 371 2139 B.
392 2107 431 2139 G.
452 2108 479 2149 1,
497 2107 538 2138 48
557 2119 587 2140 u.
606 2118 635 2141 a.

266 2153 388 2185 9--10.
413 2154 551 2195 agmina
567 2164 622 2195 m.,
641 2164 668 2185 s.
686 2153 739 2195 21,
756 2154 808 2196 57,
830 2153 887 2192 123

222 2198 274 2237 29,
293 2197 346 2239 36,
365 2198 403 2237 43
423 2198 476 2237 33,
491 2198 521 2238 9,
537 2198 567 2230 5.
583 2217 624 2221 —
640 2201 720 2231 utin
736 2204 811 2241 etc„
831 2199 887 2230 be-

223 2243 446 2284 schr'zinkend,
472 2253 507 2274 so
534 2244 612 2275 weit
637 2254 672 2276 cs
689 2262 734 2267 —
751 2245 888 2284 gesche-

221 2289 282 2320 hen
305 2289 445 2328 konnte,
476 2299 501 2319 s.
520 2299 545 2320 e.
570 2288 619 2329 19,
638 2290 694 2328 153
715 2289 768 2330 33,
784 2289 835 2327 36,
852 2290 887 2320 5:

219 2334 368 2366 illustres
384 2335 450 2366 viri
463 2333 591 2376 aliquot
606 2335 640 2366 in
657 2335 712 2367 illo
728 2335 891 2367 tumulta-

220 2380 293 2411 arz'o
313 2379 441 2423 proelio
465 2379 674 2419 ceee'clerunt‚·
699 2380 752 2420 44,
772 2380 823 2422 35,
851 2380 889 2411 19

222 2434 253 2456 u.
271 2435 300 2456 a.
320 2444 359 2447 —
381 2427 413 2456 et
430 2425 481 2456 bei
500 2427 625 2467 equites
643 2425 686 2457 ist
704 2425 769 2457 wol
783 2426 888 2457 nicht:

222 2479 239 2499 a
250 2480 268 2499 u
279 2470 320 2500 ch
330 2495 338 2509 ‚
356 2470 387 2500 in
403 2470 588 2511 Beziehung
600 2469 725 2502 aufdas
740 2470 889 2503 Vorher—

222 2514 294 2554 geh.
319 2520 453 2555 gesagt,
483 2516 625 2547 sondern
652 2520 734 2548 statt
758 2519 791 2548 et
816 2520 888 2547 ent-

223 2559 347 2600 spricht
362 2560 551 2592 demsclben
570 2561 611 2592 i1n
626 2560 721 2602 Folg.
738 2563 886 2604 insuper,

220 2603 287 2643 vgl.
299 2604 351 2643 21,
366 2603 458 2645 28,2.
488 2607 620 2637 Andere
639 2606 790 2638 schieben
806 2607 887 2637 nach

221 2649 363 2682 intulere
375 2651 456 2681 noch
473 2653 505 2682 et
516 2651 578 2683 ein.
595 2670 636 2675 —
653 2652 754 2684 duces
768 2651 806 2685 P.
822 2656 886 2683 ete.

964 1521 1161 1564 Epexegese
1180 1531 1221 1552 zu
1240 1523 1361 1553 tertius
1379 1522 1497 1554 hostis.
1516 1521 1628 1553 —ad-

963 1569 1050 1599 venit
1068 1567 1222 1598 schliesst
1239 1567 1270 1598 in
1286 1567 1396 1607 Bezug
1408 1565 1466 1598 auf
1479 1566 1632 1599 adsecuti

962 1613 1013 1643 die
1032 1612 1135 1653 Folge
1154 1612 1222 1643 ein:
1247 1621 1317 1643 war
1334 1613 1384 1643 da.
1402 1631 1447 1634 -—
1462 1622 1629 1655 ancepsq„

961 1658 1025 1688 und
1049 1668 1085 1689 so
1112 1658 1201 1689 hatte
1226 1657 1273 1689 sie
1292 1668 1354 1688 von
1374 1658 1454 1689 zwei
1472 1657 1630 1689 Richtun-

961 1713 1023 1742 gen
1049 1704 1100 1742 (ab
1123 1702 1286 1734 lateribus
1302 1703 1366 1734 und
1384 1703 1424 1734 ab
1442 1704 1550 1744 tergo)
1570 1703 1630 1734 der

960 1746 1081 1790 Rampf
1094 1748 1255 1788 umringtg
1280 1748 1360 1779 doch
1386 1746 1470 1788 folgt
1487 1748 1575 1779 nicht
1591 1759 1631 1780 a-

964 1795 1073 1832 trum,
1100 1793 1241 1824 sondern
1260 1803 1372 1835 quem,
1396 1793 1473 1824 weil
1491 1794 1549 1824 der
1569 1793 1629 1824 Be-

963 1838 1042 1878 griff
1056 1839 1114 1869 der
1129 1837 1291 1870 Zweiheit
1306 1839 1393 1870 nicht
1407 1839 1515 1879 urgirt
1527 1839 1627 1877 wird3

962 1884 1044 1914 auch
1062 1883 1208 1915 Indibilis
1234 1885 1315 1915 noch
1339 1884 1428 1915 nicht
1452 1883 1628 1915 iiberwun—

963 1929 1024 1960 den
1044 1929 1097 1960 ist.
1172 1928 1175 1931 ’

1011 1973 1162 2005 11-12.
1191 1984 1298 2016 pugn.
1321 1974 1425 2011 hort,
1452 1984 1477 2005 S.
1497 1974 1555 2014 26,
1574 1974 1627 2013 39,

965 2018 1021 2050 16:
1051 2022 1260 2061 pugnantem
1283 2019 1541 2061 hortantemque
1564 2024 1627 2052 etc.

961 2081 1005 2086 —
1024 2065 1183 2104 offerenti
1202 2075 1238 2094 se
1263 2074 1293 2094 n.
1311 2064 1460 2107 periculo
1478 2066 1538 2105 ibi,
1560 2066 1626 2096 ubi.

961 2127 1005 2131 -—
1022 2118 1158 2147 czmeus,
1177 2119 1255 2140 nur:
1274 2109 1325 2139 die
1343 2109 1430 2141 dicht
1447 2110 1627 2150 gedriingte

962 2154 1101 2193 Schaar,
1127 2164 1153 2186 s.
1174 2153 1209 2193 8,
1237 2154 1292 2193 10,
1315 2154 1352 2193 (33
1382 2155 1438 2195 10,
1459 2154 1518 2194 29,
1538 2155 1567 2186 7.
1584 2174 1628 2178 ——

962 2201 1108 2231 eoeam'm.
1127 2198 1202 2239 lab„
1222 2209 1248 2230 s.
1267 2210 1307 2229 zu
1329 2200 1355 2237 1,
1374 2200 1426 2239 21,
1448 2200 1482 2239 1;
1502 2200 1552 2242 27,
1574 2201 1627 2239 27,

963 2244 998 2275 7:
1040 2243 1237 2276 Marcellam
1276 2245 1483 2287 tramfioemn
1515 2245 1629 2277 lancea

961 2289 1126 2320 labentem
1150 2300 1194 2321 εει·
1217 2300 1299 2332 eqao
1322 2290 1561 2323 moribundam
1577 2293 1628 2323 vi-

962 2334 1052 2367 dere.
1070 2353 1113 2356 —
1132 2334 1331 2367 discurrant
1354 2341 1478 2368 musste
1504 2335 1561 2367 auf
1576 2336 1626 2368 die

963 2379 1145 2411 Eiuzelnen
1180 2380 1325 2421 bezogen
1355 2382 1504 2423 werden,
1538 2381 1575 2413 Z.
1607 2380 1627 2423 ξ

963 2424 1038 2457 366.
1068 2427 1196 2468 passim
1223 2427 1302 2457 nach
1320 2426 1408 2458 allen
1428 2427 1539 2458 Seiten
1560 2427 1624 2458 hin.

960 2487 1005 2493 —-
1017 2480 1081 2513 pro
1099 2481 1127 2502 r.
1145 2489 1189 2493 -—
1204 2481 1266 2513 pro
1280 2472 1366 2509 vict„
1385 2471 1434 2503 als
1449 2472 1559 2502 solche
1575 2482 1626 2502 er-

962 2516 1127 2555 schienen,
1145 2516 1279 2548 mildert
1296 2517 1347 2548 die
1360 2516 1449 2557 Lage
1464 2517 1544 2547 nach
1560 2516 1627 2547 bei-

961 2561 1022 2591 den
1042 2560 1172 2599 seiten,
1191 2562 1258 2602 vgl.
1276 2561 1312 2602 2,
1332 2562 1367 2603 7,
1385 2562 1420 2593 3:
1438 2563 1489 2593 ita
1506 2581 1549 2584 —
1566 2563 1626 2593 ab-

959 2607 1029 2637 iere
1058 2605 1203 2638 Romani
1231 2609 1271 2639 ut
1299 2608 1457 2648 victores,
1490 2606 1628 2639 Etrusci

956 2661 1020 2694 pro
1040 2653 1152 2691 ι·ιόίιέ,·
1171 2651 1223 2692 21,
1243 2651 1272 2694 9,
1293 2651 1321 2683 1.
1368 2653 1385 2667 ”

1658 839 1697 871 1o

1658 1118 1697 1149 15

1656 1405 1698 1436 20
