1784 2967
49 883 87 914 10

45 1168 83 1199 15

114 283 139 300 a.
157 274 209 300 Ch.
225 274 286 298 210.
579 266 704 298 LIBER
722 266 847 299 XXVI.
882 268 971 300 (ΠΛΡ.
991 268 1044 301 31.

1436 269 1515 307 275

117 369 217 406 sium
241 367 422 406 adversus
450 380 524 406 nos
552 368 661 406 tutati
691 373 797 414 sunt,
831 371 914 419 quis
944 383 1081 420 passos
1111 384 1195 408 esse
1223 369 1395 414 hostilia,
1430 381 1517 407 cum

117 424 287 470 fecerint,
311 422 561 475 indignatur?
602 424 786 462 tradentis
808 425 943 463 urbem
968 426 1160 477 principes
1184 426 1516 477 Syracusanorum

120 486 316 520 aversatus
345 493 451 528 sum3
486 480 614 519 Sosim
643 486 679 518 et
705 480 914 519 Moericum
946 482 1177 532 Hispanum,
1206 482 1343 533 quihus
1373 486 1517 521 tantam

117 538 314 577 crederem
337 549 429 582 rem,
448 537 619 587 potiores
637 536 763 575 habui.
794 550 873 576 non
888 537 980 576 estis
997 539 1154 576 extremi
1172 538 1515 589 Syracusanorum,

118 595 260 646 quippe
287 594 350 644 qui
378 593 458 632 aliis
481 593 732 631 humilitatem
763 594 957 632 obiciatis:
989 595 1073 644 quis
1102 600 1159 632 est
1188 601 1355 633 vestrum
1386 595 1448 645 qui
1478 607 1518 632 se

117 650 209 689 mihi
231 656 362 701 portas
385 655 625 700 aperturum,
656 649 720 700 qui
749 656 919 689 armatos
942 650 1081 688 milites
1103 663 1211 688 meos
1240 651 1277 688 in
1300 651 1431 689 urlwm
1455 663 1518 688 ac-

118 711 316 758 cepturum
350 704 606 756 promiserit?
648 706 782 745 odistis
811 712 847 745 et
875 706 1125 745 exsecramini
1155 707 1305 757 eosqui
1334 708 1517 753 fecerunt,

116 770 153 802 et
180 775 227 801 ne
252 763 314 800 hic
343 762 496 813 quidem
520 763 763 801 contumeliis
796 763 833 801 in
862 776 929 801 eos
962 762 1134 801 dicendis
1166 763 1341 814 parcitis:
1371 768 1518 801 tantum

115 820 240 866 abest,
274 823 317 857 ut
342 823 379 857 et
405 818 480 869 ipsi
507 819 580 857 tale
608 819 811 870 quicquam
839 819 975 858 facturi
1004 819 1164 857 fueritis.
1212 819 1295 869 ipsa
1323 819 1518 856 humilitas

117 888 263 923 eorum,
286 880 414 926 patres
433 876 656 926 conscripti,
680 889 792 926 quam
816 876 877 914 isti
898 875 1080 922 obiciunt,
1105 875 1270 913 maximo
1290 879 1517 925 argumento

113 937 173 970 est
193 944 256 970 me
277 931 485 978 neminem,
507 931 571 982 qui
593 938 765 970 navatam
785 945 942 983 operam
962 932 1015 970 rei
1032 931 1207 983 publicae
1224 937 1379 970 nostrae
1400 931 1518 976 vellet,

113 993 331 1027 aversatum
367 1001 465 1026 esse.
518 993 555 1026 et
581 993 786 1040 antequam
822 989 1039 1027 obsiderem
1071 988 1299 1038 Syracusas,
1335 1000 1437 1026 nunc
1464 987 1518 1025 le—

113 1045 207 1095 gatis
231 1044 428 1083 mittendis
459 1056 563 1082 nunc
591 1045 637 1083 ad
661 1045 907 1096 conloquium
942 1045 1067 1083 eundo
1099 1044 1275 1094 temptavi
1305 1056 1455 1094 paetum
1484 1049 1520 1081 et

115 1106 368 1152 posteaquam
388 1113 509 1151 neque
531 1101 675 1151 legatos
694 1101 856 1140 violandi
879 1100 1104 1139 verecundia
1127 1105 1217 1147 erat,
1239 1112 1309 1138 uec
1332 1099 1424 1138 mihi
1446 1099 1518 1150 ipsi

114 1169 324 1208 congresso
348 1157 391 1195 ad
415 1162 548 1208 portas
571 1171 655 1196 cum
674 1158 913 1209 principibus
934 1169 1169 1207 responsum
1193 1156 1365 1201 dabatur,
1389 1155 1518 1194 multis

114 1221 214 1253 terra
237 1213 409 1264 marique
431 1214 624 1252 exhaustis
648 1214 845 1253 laboribus
875 1214 1030 1252 tandem
1062 1214 1091 1251 vi
1122 1218 1234 1263 atque
1262 1213 1377 1251 armis
1401 1212 1517 1263 Syra-

115 1283 227 1309 cusas
250 1270 345 1320 cepi.
388 1282 485 1320 quae
507 1270 627 1320 captis
651 1270 875 1316 acciderint,
903 1270 1002 1321 apud
1027 1269 1278 1307 Hannibalem
1303 1274 1339 1307 et
1361 1268 1518 1306 Cartha—

113 1326 298 1377 giniensis
320 1326 440 1364 victos
463 1326 602 1365 iustius
625 1339 737 1377 quam
768 1328 870 1377 apud
894 1326 1047 1365 victoris
1070 1325 1202 1377 populi
1227 1330 1401 1363 senatum
1425 1337 1519 1375 que-

114 1388 304 1421 rerentur.
346 1395 430 1432 ego,
453 1387 580 1433 patres
600 1384 821 1434 conscripti,
838 1384 1045 1434 Syracusas
1063 1382 1244 1433 spoliatas
1263 1381 1294 1420 si
1312 1386 1519 1431 negaturus

116 1452 257 1485 essem,
280 1451 491 1490 numquam
514 1439 647 1489 spoliis
667 1453 799 1478 earum
818 1440 953 1479 urbem
971 1439 1137 1478 Romam
1156 1450 1394 1476 exornarem.
1427 1449 1522 1488 quae

113 1563 132 1594 2
152 1562 184 1594 ff.
207 1581 250 1585 —
273 1572 310 1594 ac
327 1564 471 1602 moenia,
495 1562 545 1594 als
569 1564 627 1594 das
653 1563 781 1595 Bedcu—
851 1567 1083 1607 posteaquam,
1099 1574 1124 1594 s.
1139 1562 1192 1601 23,
1208 1561 1261 1601 29,
1280 1562 1336 1599 17ς
1353 1562 1382 1601 (J,
1398 1560 1450 1599 46,
1470 1561 1520 1599 11,

116 1609 259 1639 tendstc.
283 1626 326 1629 ——
344 1607 540 1639 clauserunt
557 1619 586 1639 n.
606 1608 780 1648 Romanis,
854 1609 936 1640 iiber
959 1609 1016 1639 das
1041 1606 1168 1649 imperf.
1196 1607 1223 1648 2,
1248 1607 1300 1649 25,
1319 1606 1349 1639 3.
1368 1625 1411 1628 —
1428 1616 1522 1637 vere-

114 1664 139 1684 s.
159 1652 212 1694 24,
229 1652 282 1690 33,
301 1652 331 1684 9.
349 1671 394 1675 —-
412 1655 564 1685 emet-citu
588 1658 663 1692 etc,
683 1664 707 1684 s.
728 1653 781 1693 24,
855 1653 976 1685 cundia
999 1664 1059 1692 ein,
1084 1653 1150 1692 vgl.
1176 1652 1228 1689 24,
1253 1652 1304 1693 42,
1330 1652 1359 1682 9.
1391 1670 1433 1674 —
1462 1660 1521 1682 uec

114 1697 154 1729 35
174 1698 226 1736 ff.;
249 1697 301 1740 25,
320 1697 372 1730 26.
396 1716 441 1720 —
462 1698 672 1740 indignatur,
693 1700 781 1730 stiir-

114 1743 174 1774 ker
190 1743 240 1773 als
258 1742 466 1784 indignetur.

158 1787 257 1818 4—6.
287 1787 530 1827 Widerlegung
553 1799 615 1818 von
644 1799 671 1818 c.
691 1787 744 1826 30,
763 1788 781 1818 3

114 1832 146 1862 ff.
165 1833 265 1863 durch
285 1832 354 1863 ihre
373 1833 507 1871 eigenen
524 1833 781 1872 Aeusserungen

114 1877 178 1908 und
197 1876 335 1908 Thaten.
350 1895 393 1899 —
410 1877 583 1916 audentis,
602 1878 653 1908 die
672 1888 707 1908 es
726 1878 782 1908 be-

113 1922 344 1961 absichtigten,
370 1932 394 1953 s.
415 1933 442 1953 c.
463 1921 516 1957 2s,
536 1922 573 1961 ‘23
609 1922 658 1960 10,
681 1922 731 1962 11),
753 1923 781 1953 1.

113 1985 157 1989 —
173 1967 318 1999 lzumz'lz't.
338 1968 400 2005 ob.,
426 1977 451 1998 s.
470 1978 498 1998 c.
517 1966 569 2007 30,
590 1968 620 1998 ⁴5.
647 1985 688 1989 —
713 1967 783 1999 ocli-

113 2012 372 2053 stis„vielmehr
397 2023 428 2042 u.
454 2022 480 2043 s.
503 2022 542 2043 w.
569 2031 612 2034 —
635 2012 781 2044 dz'ceuslis

111 2067 218 2100 pare„
253 2058 325 2088 eine
351 2057 478 2088 seltene
504 2056 728 2097 Verbindung,
754 2068 780 2088 s.

116 2101 167 2141 10,
182 2101 231 2139 12,
245 2101 279 2133 S:
294 2103 434 2133 urbibus
449 2102 683 2144 oppugnandis
699 2105 783 2133 tem-

111 2149 281 2190 peratum,
300 2147 368 2187 vgl.
387 2146 441 2186 25,
460 2146 513 2185 25,
533 2146 563 2177 6.
588 2166 629 2169 —
650 2150 782 2179 tantum

114 2193 178 2231 ab„
204 2192 254 2223 die
286 2192 511 2231 gewijhnliche
544 2191 780 2224 Construction

116 2237 221 2267 wiire:
253 2239 382 2268 tautum
412 2237 475 2276 ab„
504 2239 545 2268 ut
568 2237 720 2278 fueritis,
744 2240 784 2269 ut

118 2280 258 2312 aderitis
274 2286 348 2318 etc.7
369 2281 428 2312 der
447 2282 548 2312 letzte
565 2281 722 2313 Gedanke
738 2283 782 2313 ist

114 2326 173 2357 mit
190 2328 378 2366 grosserem
406 2325 601 2358 Nachdruck
619 2338 783 2367 vorange-

115 2371 217 2413 stellt,
244 2381 268 2402 s.
289 2371 318 2410 4,
339 2370 391 2409 53,
412 2371 447 2409 2;
473 2371 540 2402 Cic.
566 2372 633 2403 Att.
652 2372 681 2411 6,
702 2372 731 2413 2,
752 2373 778 2403 1.

114 2417 243 2459 —2'pstz
256 2416 371 2447 humil.
388 2420 462 2453 etc.‚
481 2417 539 2446 der
548 2415 679 2447 Redner
694 2418 783 2448 zieht

114 2471 173 2492 aus
189 2461 258 2492 dem
275 2460 452 2492 Umstande
469 2461 561 2491 einen
578 2462 782 2493 derAnsicht

115 2507 175 2537 der
192 2506 362 2545 Ankl'ager
385 2516 411 2536 c.
438 2505 490 2543 30,
516 2506 535 2536 6
559 2511 782 2547 entgegenge-

116 2555 245 2582 setzten
266 2551 412 2582 Schluss.

161 2596 190 2627 7.
217 2595 460 2636 NVidcrlegung
497 2596 596 2627 durch
633 2595 781 2627 Ausfiih-

118 2651 202 2680 rung
225 2641 353 2677 dessen,
380 2651 447 2671 was
472 2650 509 2671 er
534 2641 638 2672 selbst
661 2643 779 2681 gethan

118 2686 182 2717 hat.
211 2704 255 2708 —-
283 2695 372 2717 mmo
394 2685 458 2727 leg.
482 2690 563 2725 etc.,
594 2685 646 2723 24,
667 2685 720 2717 33.
738 2705 782 2708 —

854 1699 938 1730 mihi
953 1703 1028 1736 etc.‚
1048 1698 1100 1736 25,
1122 1697 1174 1738 23,
1197 1697 1235 1728 10
1254 1697 1297 1728 ist
1316 1697 1404 1727 nicht
1421 1706 1521 1735 ange—

856 1744 972 1783 gcben,
988 1744 1063 1773 dass
1080 1742 1258 1773 Marcellus
1273 1742 1379 1773 selbst
1394 1741 1442 1771 bei
1459 1741 1518 1771 den

855 1788 902 1820 Un
910 1788 1167 1827 terhandlungen
1181 1787 1284 1826 thatig
1295 1796 1447 1826 gewesen
1459 1786 1518 1823 sei,

854 1833 891 1864 L.
913 1833 1041 1863 scheint
1057 1842 1084 1862 a.
1102 1843 1132 1862 u.
1148 1832 1195 1862 St.
1214 1831 1387 1862 derselhen
1404 1830 1520 1871 Quelle

854 1878 917 1908 wie
938 1877 1022 1908 plut.
1043 1877 1143 1908 Marc..
1166 1876 1215 1914 18,
1236 1875 1254 1906 3
1279 1887 1318 1906 zu
1338 1874 1459 1915 folgen.

900 1922 998 1953 SQO.
1025 1922 1286 1962 Vei-theidigung
1309 1921 1427 1952 desscn
1451 1929 1518 1950 was

855 1978 958 2007 gegen
989 1968 1040 1998 die
1071 1966 1227 2008 Syracus.
1254 1966 1437 2006 gcschchen
1466 1966 1518 1995 ist.

855 2023 939 2054 quae
951 2031 993 2034 -—
1011 2015 1244 2054 quererentur,
1260 2012 1289 2041 d.
1305 2012 1333 2041 h.
1350 2011 1418 2041 ihre
1432 2008 1521 2040 Ver*

855 2058 1000 2097 hindung
1022 2057 1079 2088 mit
1102 2057 1161 2087 (len
1187 2056 1330 2087 Feinden
1359 2053 1520 2086 i‘echtser-

857 2103 917 2142 tigt
935 2103 1004 2133 ihre
1025 2101 1235 2141 Beliandlung
1254 2101 1303 2131 als
1328 2100 1461 2131 Feinde.
1478 2117 1513 2122 —

855 2149 972 2185 victos,
1003 2147 1143 2177 ‹larnach
1171 2146 1298 2177 scheint
1322 2150 1425 2176 etwas
1444 2154 1520 2174 aus-

855 2191 997 2232 gefallen
1018 2203 1058 2223 zu
1077 2192 1156 2229 sein,
1175 2192 1213 2222 da
1233 2192 1283 2221 die
1302 2190 1397 2221 Hdss.
1418 2191 1519 2220 vieto-

855 2248 892 2268 Se
910 2237 1023 2268 haben.
1041 2254 1086 2259 -a
1103 2238 1332 2278 quererentur,
1358 2245 1450 2264 wcnn
1472 2234 1518 2263 sie

855 2282 972 2321 klagen
1001 2282 1149 2321 women,
1175 2280 1320 2311 miissten
1345 2280 1391 2309 sie
1423 2289 1457 2309 es
1488 2278 1518 2308 in

854 2327 1018 2366 Carthago
1035 2327 1244 2366 thum—ego
1261 2329 1335 2363 etc„
1351 2324 1418 2353 sein
1434 2322 1518 2353 Ver-

854 2371 967 2403 fahren
988 2372 1084 2413 zeigt,
1104 2371 1178 2401 dass
1205 2380 1242 2400 er
1266 2370 1332 2399 sich
1355 2368 1460 2407 vallig
1477 2368 1518 2398 im

854 2417 978 2448 Rechtc
999 2418 1107 2446 weiss
1140 2434 1184 2437 ——
1214 2416 1245 2445 si
1265 2416 1421 2455 negatur.
1441 2424 1518 2452 ess„

854 2463 906 2493 die
926 2462 1055 2501 conjug.
1078 2461 1272 2502 periphrast.
1300 2460 1343 2489 ist
1368 2457 1518 2496 zuglelch

855 2506 1065 2542 conditional,
1100 2515 1193 2535 wcnn
1225 2505 1272 2534 ich
1305 2504 1355 2533 die
1382 2502 1520 2533 Absit-ht

855 2553 945 2583 hiitte
972 2562 1010 2581 zu
1045 2551 1194 2589 leugncn.
1228 2567 1271 2570 —
1304 2558 1518 2584 evoruarcm,

855 2596 1044 2636 nochjetzt,
1060 2595 1097 2625 da
1113 2595 1171 2624 dci·
1185 2593 1320 2635 Tempel
1336 2593 1416 2623 noch
1433 2593 1520 2623 nicht

854 2642 1022 2672 vollcndet
1047 2640 1099 2681 ist,
1124 2649 1149 2669 s.
1170 2638 1220 2679 27,
1246 2638 1307 2676 253
1336 2649 1395 2668 zur
1414 2637 1518 2668 Saclw

851 2686 918 2726 vgl.
946 2686 996 2726 3⁸3,
1016 2685 1067 2722 43,
1096 2684 1144 2714 11.
1171 2701 1214 2705 -
1239 2694 1323 2724 quae
1346 2685 1429 2723 aut„
1448 2691 1518 2712 was

1189 2739 1252 2770 18*

1549 1276 1566 1306 S

1549 1390 1568 1422 9
