1784 2967
118 419 157 450 19

114 646 155 677 21)

193 254 270 294 148
622 252 748 286 LissER
764 252 875 287 xxv.
909 253 1000 286 CAP.
1022 253 1072 287 16.
1093 253 1144 286 17.
1442 269 1511 289 mu.
1527 263 1587 287 54-2.

187 356 240 395 cis
267 369 287 395 a
315 354 559 395 multitudine
588 355 627 394 in
655 355 748 394 valle
774 355 864 395 silva
886 370 930 396 ac
949 356 1147 395 montibus
1170 360 1299 406 saepta
1320 355 1589 395 circumventis

187 418 338 465 praeter
358 409 554 451 mortem?
581 412 618 451 id
640 412 793 460 referre,
816 418 944 452 utrum
969 413 1195 464 praebentes
1219 425 1382 464 corpora
1403 425 1587 464 pecorum

186 470 303 509 modo
326 469 434 509 inulti
456 468 705 516 trucidentur,
728 481 776 508 an
797 470 866 508 toti
889 483 908 509 a
925 470 1105 522 patiendo
1124 469 1436 521 expectandoque
1453 475 1589 508 eventu

185 527 223 565 in
251 527 437 577 impetum
467 531 580 577 atque
606 526 700 565 iram
723 527 838 572 versi,
867 532 1019 578 agentes
1043 527 1319 578 audentesque,
1347 526 1491 578 perfusi
1513 527 1586 564 ho—

186 583 302 623 stium
330 595 483 630 cruore,
512 583 611 622 inter
632 583 906 635 exspirantium
931 583 1174 623 inimicorum
1198 583 1388 623 cumulata
1408 595 1588 634 armaque
1616 595 1635 626 5

184 646 221 679 et
254 652 417 691 corpora
446 640 591 679 cadant.
632 640 829 679 Lucanum
858 641 1096 692 proditorem
1125 654 1166 679 ac
1192 641 1431 691 transfugam
1454 652 1588 678 onmes

185 702 377 748 peterent,
415 696 480 748 qui
508 709 590 736 eam
625 697 816 736 victimam
844 709 935 748 prae
963 711 1003 736 se
1031 698 1077 736 ad
1105 697 1250 736 inferos
1273 697 1464 743 misisset,
1500 709 1587 735 eum

185 755 300 794 decus
323 753 518 800 eximium,
541 753 736 804 egregium
759 753 943 792 solacium
962 767 1051 793 suae
1069 754 1184 793 morti
1200 754 1458 805 inventurum.
1491 753 1590 792 inter

183 811 278 850 haec
305 810 403 849 dicta
434 810 707 862 paludamento
736 810 835 848 circa
862 811 1009 849 laevum
1035 811 1234 850 brachium
1256 812 1400 850 intorto
1423 833 1476 838 —
1497 822 1584 849 nam

185 881 230 906 ne
259 873 365 906 scuta
394 867 548 918 quidem
577 879 710 905 secum
739 867 950 906 extulerant
975 890 1027 895 —
1055 867 1093 906 in
1121 868 1244 907 hostis
1273 869 1459 919 impetum
1485 867 1584 906 fecit.
1621 876 1657 907 10

184 924 309 963 maior
337 936 451 975 quam
480 935 550 975 pro
580 935 742 962 numero
765 923 969 962 hominum
992 924 1116 963 editur
1136 937 1279 976 pugna:
1312 924 1444 964 iaculis
1466 924 1587 963 maxi-

185 994 246 1020 me
274 985 403 1033 aperta
432 992 596 1032 corpora
621 980 909 1027 Romanorum,
938 986 974 1019 et
1002 993 1089 1020 cum
1117 981 1287 1032 undique
1314 995 1357 1020 ex
1386 981 1586 1020 altioribus

182 1037 276 1077 loeis
300 1038 337 1076 in
361 1050 490 1077 cavam
513 1037 649 1076 vallem
672 1037 868 1076 coniectus
891 1044 1010 1084 esset,
1040 1039 1330 1088 transfiguntur.
1373 1038 1586 1076 Gracchum

184 1095 257 1134 iam
285 1094 471 1134 nudatum
502 1094 693 1146 praesidio
724 1095 847 1133 vivum
878 1107 1011 1146 capere
1039 1095 1158 1133 Poeni
1185 1095 1378 1142 nituntum
1417 1100 1583 1133 ceterum

183 1151 427 1203 conspicatus
450 1151 648 1191 Lucanum
677 1151 870 1202 hospitem
895 1153 994 1190 inter
1014 1151 1157 1199 hostis,
1189 1152 1282 1190 adeo
1306 1152 1466 1190 infestus
1489 1164 1584 1189 con·
1617 1158 1656 1190 15

181 1210 302 1247 fertos
330 1207 487 1255 invasit,
523 1214 565 1247 ut
593 1208 697 1259 parci
726 1209 759 1246 ei
787 1208 869 1247 sine
897 1209 1109 1247 multorum
1138 1208 1305 1260 pernicie
1332 1221 1410 1247 non
1440 1215 1585 1259 posset.

110 1274 151 1305 24
182 1266 393 1304 exanimem
430 1277 518 1304 eum
546 1265 655 1316 Mago
689 1266 879 1316 extemplo
908 1266 951 1304 ad
989 1265 1239 1304 Hannibalem
1276 1265 1381 1304 misit
1417 1265 1586 1316 ponique

111 1330 151 1360 23
183 1335 269 1362 cum
288 1321 408 1374 captis
427 1321 541 1360 simul
558 1321 727 1360 fascibus
745 1328 830 1360 ante
846 1322 1011 1361 ‘tribunal
1029 1322 1272 1374 imperatoris
1303 1321 1425 1361 iussit.
1446 1321 1476 1360 si
1495 1322 1586 1360 haec

180 1380 259 1418 fere
285 1379 386 1418 fama
416 1384 492 1425 est,
525 1379 719 1417 Gracchus
748 1378 786 1417 in
808 1379 970 1418 Lucanis
998 1379 1042 1418 ad
1073 1391 1230 1430 campos
1254 1378 1318 1429 qui
1340 1379 1493 1417 Veteres
1516 1391 1584 1416 vo—

106 1441 153 1480 17
182 1441 315 1475 cantur
336 1435 461 1487 periit.
504 1436 603 1474 Sunt
625 1435 689 1486 qui
711 1435 749 1473 in
771 1448 862 1486 agro
886 1437 1152 1474 Beneventano
1174 1448 1295 1487 prope
1316 1435 1489 1474 Calorem
1513 1436 1582 1473 ilu-
1615 1439 1656 1470 20

181 1494 283 1532 vium
314 1493 519 1532 ostendant
547 1506 567 1531 a
595 1492 731 1531 castris
754 1505 840 1531 cum
863 1493 1061 1532 lictoribus
1084 1506 1127 1531 ac
1147 1493 1269 1531 tribus
1292 1492 1411 1531 servis
1434 1491 1583 1530 lavandi

179 1605 231 1643 3⁴3,
251 1604 303 1644 47,
323 1605 357 1636 3:
378 1605 552 1638 consilium
570 1623 607 1627 --
626 1604 844 1637 cohonestan-

178 1652 241 1682 dae
257 1652 425 1683 victoriae.
441 1670 485 1673 —
498 1651 534 1683 id
545 1651 621 1691 rofi,
642 1661 658 1680 n
669 1661 716 1682 ur
730 1649 848 1681 darauf

179 1708 207 1728 u.
229 1706 255 1726 s.
274 1705 327 1735 w.‚
346 1697 413 1736 vgl.
433 1696 485 1737 28,
508 1696 557 1738 19,
577 1695 630 1726 11;
649 1695 685 1727 id
700 1697 843 1738 referre,

176 1745 292 1773 utrum
308 1743 341 1773 in
357 1752 474 1785 pugna
491 1744 523 1773 et
538 1743 571 1772 ‘in
596 1742 666 1772 acle
690 1743 845 1781 (mortem

178 1789 365 1831 oppeteret)
390 1798 433 1818 an
457 1792 520 1819 etc.
548 1805 590 1808 —
611 1788 783 1829 praebent.
807 1798 844 1827 c.,

178 1844 239 1864 von
257 1833 373 1872 selbst,
388 1834 470 1863 ohne
482 1831 759 1864 widun-stand.—
774 1835 846 1864 tru-

177 1878 340 1919 cidentur,
359 1878 427 1909 sicli
442 1878 578 1909 wollten
594 1877 840 1909 hinscblaehten

178 1924 304 1965 lassen,
329 1923 395 1964 vgl.
421 1923 478 1962 21,
499 1922 556 1961 38,
581 1922 840 1963 932S‚16,(5:

174 1970 249 2001 inde
266 1980 332 2000 non
347 1980 465 2012 pugna
482 1968 543 2000 sed
559 1968 739 2000 trucidatio
755 1968 842 2000 velut

172 2015 435 2058 peeornmfierz',
454 2014 520 2054 vgl.
536 2013 617 2044 Sall.
634 2013 703 2045 Cat.
721 2014 772 2051 58,
788 2013 842 2045 21.

174 2078 218 2082 ——
236 2062 298 2091 tote?
312 2078 357 2082 —
373 2060 474 2098 versi,
493 2070 518 2090 s.
540 2058 567 2097 1,
587 2059 646 2098 59,
662 2059 697 2089 2:
719 2061 842 2100 totique

174 2106 214 2136 ab
232 2105 323 2137 luctu
339 2105 430 2136 versi
445 2105 477 2134 ιή
496 2105 580 2135 iram
592 2113 602 2139 ‚·
620 2104 661 2134 ib.
680 2104 734 2143 40,
755 2104 791 2143 ῖς
810 2104 842 2144 6,

175 2150 232 2189 24,
257 2150 293 2181 8:
320 2150 360 2181 ab
382 2150 524 2192 imperio
551 2151 642 2180 totus
666 2148 711 2180 ad
724 2159 840 2192 preces

175 2206 303 2227 versus.
346 2195 477 2226 Andere
506 2195 598 2225 lesen
625 2197 694 2225 toto
716 2196 840 2233 animo,

174 2240 227 2280 22,
248 2240 300 2278 51,
319 2239 349 2272 9.
366 2258 410 2262 —
427 2250 448 2272 a
462 2238 610 2283 patienti.
636 2250 732 2281 emp„
759 2243 842 2270 statt

174 2286 341 2326 geduldig,
360 2286 483 2317 tliatlos
501 2285 562 2316 den
584 2284 715 2325 Angrill'
728 2295 769 2315 zu
787 2295 840 2315 er-

173 2336 311 2362 warten.
328 2349 374 2353 —
389 2333 503 2373 agent.
521 2330 615 2370 aad,
640 2330 697 2369 21,
722 2329 758 2369 4,
780 2330 837 2368 103

174 2377 213 2407 ib.
236 2376 294 2416 40,
320 2377 350 2408 7.
373 2395 417 2399 —
442 2375 568 2408 Lucan.
587 2381 652 2406 etc.
676 2375 775 2406 schon
799 2385 839 2405 an

173 2422 238 2452 sich
257 2421 471 2459 veriiebtlich,
491 2422 571 2452 noch
589 2421 680 2464 mehr
697 2420 745 2451 als
756 2430 837 2463 pro-

172 2466 259 2498 ditor
277 2471 358 2507 etc„
377 2467 443 2507 vgl.
463 2466 522 2506 22,
541 2465 599 2505 22,
619 2470 652 2497 δε
679 2466 836 2506 transsu-

169 2523 415 2551 ιεςάηι-ιιηιιηι
429 2515 461 2543 et
472 2512 602 2553 infame
616 2522 736 2554 corpas
752 2522 835 2550 esse,

173 2557 229 2596 21,
252 2557 310 2597 45,
329 2557 358 2589 3.
378 2576 421 2580 —
438 2556 539 2589 decus
557 2562 620 2588 etc.
634 2582 641 2596 ,
666 2556 834 2588 Chiasmus

173 2603 235 2632 und
255 2603 458 2643 [myndi—ton.
476 2621 519 2624 ——
535 2605 639 2634 morli
653 2614 715 2635 wn
734 2602 834 2634 solae.

170 2650 289 2678 iurent.
307 2648 479 2687 abmingig,
499 2659 524 2679 s.
548 2648 574 2687 1,
596 2648 623 2688 1,
642 2648 672 2679 8.

217 2691 372 2724 21—25.
408 2693 521 2735 palad.
551 2698 632 2735 etc.,
663 2693 723 2725 wie
752 2693 833 2724 auch

919 1610 1013 1636 sonst
1037 1605 1066 1636 in
1087 1605 1332 1645 Ermangelung
1349 1605 1405 1636 des
1425 1604 1584 1645 Schildes,

918 1661 943 1681 s.
964 1650 1041 1681 Tac.
1060 1650 1097 1681 H.
1115 1651 1143 1692 5,
1158 1650 1216 1681 22:
1236 1650 1380 1682 Romam?
1399 1653 1503 1681 ruunt
1522 1660 1584 1692 per

920 1697 1002 1736 vias,
1017 1697 1119 1738 pamel
1134 1698 1256 1727 ornatu
1268 1696 1416 1732 militasti,
1435 1695 1584 1738 plerique

917 1743 1040 1773 circum
1066 1742 1203 1773 brachia
1233 1743 1324 1772 torta
1347 1743 1456 1777 veste,-
1484 1740 1526 1770 ib.
1552 1739 1582 1779 3,

922 1787 978 1825 1ος
1004 1786 1090 1817 Vell.
1110 1786 1179 1817 Pat.
1201 1786 1230 1824 2,
1250 1786 1268 1816 3
1289 1787 1347 1817 in.:
1372 1785 1583 1817 circmmlal'a

919 1832 1054 1863 brachio
1084 1834 1184 1873 togae
1216 1831 1353 1870 lacz'm'tz,·
1389 1830 1475 1862 Plut.
1510 1830 1581 1861 Tib.

915 1877 1053 1909 Grac-eh.
1073 1876 1122 1908 19.
1136 1896 1175 1900 —-
1193 1879 1254 1908 [ae.
1269 1895 1312 1899 —
1327 1877 1481 1918 iransfig.
1499 1876 1578 1906 wird

915 1923 1015 1953 durch
1050 1922 1133 1953 zwei
1168 1922 1346 1954 Umstiinde
1382 1922 1580 1961 begriindet:

913 1971 1041 2011 aperta,
1062 1967 1119 2005 32,
1141 1968 1197 2007 21,
1218 1967 1275 2007 26,
1292 1968 1356 1998 und
1375 1970 1407 1998 et
1423 1978 1497 1998 eum
1517 1971 1580 1997 etc.

914 2032 955 2036 —-
971 2014 1106 2044 coniect.
1117 2024 1157 2053 e.,
1175 2013 1202 2051 1,
1218 2012 1270 2051 56,
1287 2012 1316 2043 3.
1332 2031 1374 2034 ——
1389 2013 1578 2055 conspirat„

915 2058 981 2098 vgl.
1001 2058 1031 2097 2,
1052 2058 1080 2095 7,
1104 2058 1130 2088 1.
1148 2076 1188 2080 —-
1207 2058 1328 2099 hospz't.
1348 2058 1392 2088 z'n.
1412 2057 1457 2095 Ιι.,
1479 2057 1506 2094 1,
1527 2056 1579 2095 58,

916 2104 945 2135 S.
969 2122 1012 2125 —
1035 2103 1080 2134 ad
1100 2103 1223 2144 Iluam,
1251 2103 1321 2133 also
1353 2103 1382 2133 in
1405 2102 1464 2133 der
1487 2101 1579 2132 Niilie

912 2160 974 2180 von
993 2147 1129 2179 Tarent.
1147 2166 1190 2170 —-—
1207 2149 1240 2179 si
1262 2148 1389 2179 sclieint
1406 2148 1486 2178 nach
1510 2149 1578 2178 ins-

912 2196 958 2225 se't
973 2192 1189 2235 ausgefallen,
1208 2193 1274 2233 vgl.
1295 2192 1373 2224 Tac.
1390 2191 1500 2224 Germ.
1520 2192 1578 2223 45:

912 2239 987 2271 illuc
1011 2250 1116 2280 usqne
1139 2241 1172 2270 et
1193 2248 1272 2270 vvera
1285 2239 1394 2279 s'ama.
1411 2256 1455 2260 —
1473 2237 1577 2270 Veie-

913 2295 978 2321 res,
998 2285 1048 2315 die
1068 2284 1154 2324 Lage
1173 2284 1216 2315 ist
1233 2284 1433 2315 unbekannt.

962 2323 1027 2361 17·
1058 2329 1164 2360 1—3.
1197 2340 1303 2373 prope
1322 2328 1446 2369 Calor„
1465 2329 1576 2359 wabr-

913 2374 1089 2405 sclieinlich
1108 2375 1221 2406 wurde
1240 2375 1298 2406 der
1312 2374 1410 2406 Calor
1428 2375 1456 2405 in
1471 2374 1575 2405 Luca-

913 2420 1002 2460 nien,
1032 2420 1090 2451 der
1114 2420 1143 2451 in
1163 2420 1221 2451 den
1248 2420 1375 2451 Silurus
1399 2418 1489 2455 fiillt,
1519 2419 1575 2449 mit

910 2465 979 2496 dem
1005 2465 1228 2497 bekannteren
1253 2465 1351 2497 Fluss
1377 2464 1485 2495 dieses
1512 2463 1575 2494 Na-

909 2520 999 2541 mens
1019 2510 1048 2541 in
1065 2511 1239 2549 Samnium,
1258 2511 1310 2549 24,
1334 2510 1382 2550 14,
1402 2510 1573 2540 vorwecb-

908 2556 974 2587 selt
1002 2556 1066 2586 und
1090 2556 1232 2587 dadurch
1257 2556 1308 2587 ‹lie
1338 2554 1570 2586 abwoicliendc

908 2601 1099 2641 Erziililung
1118 2601 1313 2632 vernulas-st.
1326 2619 1363 2622 ἡ
1378 2599 1573 2631 ostendant.-

908 2647 1125 2684 nacliweisen,
1140 2647 1200 2677 den
1218 2646 1278 2678 Ort
1292 2644 1475 2685 aut'zeigen,
1491 2646 1570 2676 (lm-li

907 2692 949 2723 ist
967 2692 1026 2723 der
1040 2691 1213 2723 Ausdruck
1228 2690 1486 2732 ungewiihnlicli,
1506 2691 1571 2721 und
