1784 2967
60 799 100 832 10

56 1078 98 1111 15

129 203 155 222 a.
168 196 220 221 Ch.
233 195 296 221 205.

129 288 385 335 olescentem3
425 300 534 327 suam
556 287 705 339 plebem
727 287 905 326 inbellem
933 288 972 327 in
1000 288 1111 333 urbe,
1152 287 1330 327 inbellem
1357 289 1399 325 in
1426 289 1531 338 aqris
1561 297 1599 329 13

565 185 693 218 LIBER
717 185 847 218 XXIX.
895 186 988 219 CAP.
1015 186 1046 219 3.
1064 187 1097 218 4.

1447 186 1529 226 249

128 357 233 392 esse3
274 345 453 383 mercede
481 344 607 396 parari
628 343 764 383 auxilia
786 356 830 382 ex
851 344 972 391 Afris,
1015 350 1125 395 gente
1153 344 1198 383 ad
1221 355 1376 382 omnem
1398 356 1531 382 auram

127 400 210 452 spei
230 401 362 439 mobili
385 405 500 452 atque
520 401 649 439 infida.
671 400 746 438 iam
768 412 897 451 reges,
928 400 1143 452 Syphacem
1167 405 1258 451 post
1278 400 1529 451 conloquium
1562 407 1604 439 14

127 469 215 496 cum
238 456 420 508 Scipione
441 457 658 502 alienatum,
680 456 923 495 Masinissam
946 462 1075 507 aperta
1097 456 1309 495 defectione
1325 456 1531 495 infestissi-

126 525 234 552 mum
256 514 422 553 hostem.
443 513 537 552 nihil
557 525 723 563 usquam
745 513 841 564 spei,
863 513 958 551 nihil
979 513 1105 552 auxilii
1122 525 1219 551 esse.
1241 525 1312 551 nec
1329 513 1532 562 Magonem
1563 519 1602 551 15

125 581 170 607 ex
188 568 305 608 Gallia
322 582 478 608 movere
494 569 681 608 tumultus
699 570 918 620 quicquam,
941 581 1013 608 nec
1030 569 1263 619 coniungere
1279 581 1364 607 sese
1381 569 1533 608 Hanni-

124 625 222 672 hali;
252 630 289 664 et
309 625 563 664 Hannibalem
585 625 715 676 ipsum
738 625 811 664 iam
833 630 871 665 et
890 626 991 664 fama
1013 637 1214 664 senescere
1234 630 1271 663 et
1292 625 1449 665 viribus,
1490 625 1532 663 In
1560 624 1586 662 4

124 681 219 720 haec
240 681 410 720 deflenda
432 682 640 732 prolapsos
669 682 715 720 ab
744 682 890 721 recenti
918 682 1054 721 nuntio
1076 682 1228 720 animos
1250 693 1387 720 rursus
1409 686 1535 720 terror

125 737 275 776 instans
296 738 487 776 revocavit
508 739 552 776 ad
576 738 887 783 consultandum,
915 750 1084 789 quonam
1107 738 1225 777 modo
1249 737 1398 776 obviam
1420 750 1533 788 prae-

126 793 299 833 sentibus
320 794 501 845 periculis
523 794 653 833 iretur.
675 794 838 834 dilectus
861 795 1002 846 raptim
1026 794 1064 832 in
1087 794 1181 833 urbe
1202 792 1380 844 agrisque
1401 793 1534 833 haberi
1563 799 1583 831 2

124 850 267 900 placet,
298 851 448 889 mittere
476 851 520 889 ad
544 851 794 889 conducenda
815 851 998 889 Afrorum
1020 850 1174 897 auxilia,
1206 850 1358 888 munire
1382 850 1533 896 urbem,

124 906 364 945 frumentum
389 907 616 952 convehere3
637 907 708 945 tela
730 920 834 946 arma
857 919 1004 958 parare,
1027 907 1220 945 instruere
1242 919 1356 945 naves
1378 919 1421 945 ac
1441 907 1533 944 mit—

124 966 204 1001 tere
225 963 272 1001 ad
295 962 518 1013 Hipponem
541 963 724 1002 adversus
746 964 963 1002 Romanam
988 963 1164 1001 classem.
1193 962 1269 1000 iam
1299 963 1391 1001 haec
1413 974 1534 1012 agen-
1562 968 1581 1000 3

124 1017 228 1057 tibus
251 1019 411 1057 nuntius
432 1019 587 1057 tandem
610 1020 712 1058 venit
732 1020 915 1065 Laelium,
937 1031 1019 1058 non
1041 1019 1263 1070 Scipionem
1277 1050 1285 1065 ,
1314 1018 1534 1069 copiasque,

128 1079 294 1125 quantae
316 1075 361 1114 ad
383 1075 624 1114 incursiones
647 1088 827 1125 agrorum
851 1076 943 1114 satis
965 1075 1053 1121 sint,
1069 1079 1330 1121 transvectam
1358 1087 1535 1113 summae

123 1130 209 1169 belli
237 1131 380 1169 molem
403 1131 527 1170 adhuc
553 1132 591 1170 in
621 1132 747 1170 Sicilia
777 1145 874 1171 esse.
916 1131 968 1170 ita
994 1131 1247 1182 respiratum,
1290 1130 1467 1182 mittique
1488 1131 1534 1169 ad
1563 1137 1584 1168 4

125 1186 341 1238 Syphacem
362 1187 572 1237 legationes
594 1188 766 1239 aliosque
786 1188 942 1239 regulos
965 1188 1176 1226 firmandae
1197 1187 1393 1226 societatis
1422 1199 1535 1226 causa

124 1308 187 1329 nur
205 1298 311 1329 selten
329 1298 395 1329 und
413 1298 464 1329 bei
478 1298 516 1329 L.
531 1303 646 1330 zuerst
662 1309 734 1330 vor.
751 1317 796 1322 --

124 1345 157 1374 z’n
175 1345 284 1385 agris,
302 1352 338 1374 es
354 1343 424 1373 sind
438 1343 504 1374 wol
517 1344 569 1374 die
583 1343 796 1384 unkriegerI-

126 1389 225 1419 schen
259 1387 517 1430 Libypho'nicier
553 1389 583 1419 in
617 1389 794 1430 Byzacium

125 1433 282 1473 geineint,
305 1443 331 1464 s.
358 1443 386 1464 c.
412 1433 465 1472 25,
492 1433 543 1464 12.
567 1452 610 1455 —
633 1445 678 1465 ear:
701 1435 793 1475 Asin,

126 1478 177 1509 die
195 1478 379 1509 Bewohner
396 1476 526 1509 Africus
549 1478 734 1520 iiberhaupt
751 1479 792 1510 in]

126 1522 337 1562 Gegensatze
355 1533 396 1553 zu
413 1523 473 1553 den
493 1523 647 1561 Puniern,
672 1533 697 1555 s.
716 1535 742 1555 c.
763 1524 793 1565 4,

125 1567 164 1607 23
185 1567 239 1607 28,
253 1567 306 1607 44,
322 1566 359 1606 6;
379 1578 440 1599 zui·
453 1568 556 1599 Sache
571 1578 596 1599 s.
612 1568 795 1600 Mommsen

127 1612 157 1653 1,
176 1612 252 1644 498.
271 1630 316 1635 —-
333 1613 457 1653 mobili,
476 1612 529 1655 28,
547 1613 602 1652 42,
622 1613 653 1644 7.

174 1656 317 1688 14-15.
335 1659 404 1689 iam
416 1656 539 1696 ferner,
554 1662 635 1698 erst,
652 1668 677 1689 s.
693 1657 747 1699 23,
762 1659 793 1697 5,

130 1700 189 1739 153
207 1701 238 1740 9,
260 1701 310 1742 19,
329 1702 348 1732 9
367 1712 398 1732 u.
416 1712 446 1733 a.
464 1713 619 1744 —reges
632 1701 737 1745 Syph.
752 1722 788 1725 —

126 1745 226 1787 Mas„
241 1756 267 1777 S.
284 1756 311 1777 e.
327 1746 357 1785 2,
374 1747 409 1777 5:
429 1757 574 1785 cornum
595 1758 622 1778 c.
639 1748 668 1787 5,
684 1748 721 1785 53
741 1746 794 1785 26,

128 1790 182 1831 33,
201 1790 231 1822 8.
255 1809 299 1813 —
322 1791 526 1833 defectione,
561 1792 601 1822 da
623 1802 660 1823 er
684 1790 798 1823 friiher

126 1836 401 1876 Bundesgenosse
434 1847 587 1877 gewesen
618 1847 705 1875 war3
739 1837 798 1868 der

127 1879 325 1912 Nachdruck
349 1882 431 1921 liegt
453 1880 512 1913 auf
531 1885 665 1924 aperta,
699 1892 726 1913 s.
745 1881 797 1923 28,

129 1925 182 1956 35.
198 1944 243 1948 --
258 1936 401 1966 movere,
421 1937 446 1957 s.
465 1926 518 1966 28,
538 1926 590 1965 36,
615 1927 646 1957 5.
672 1926 797 1958 tumul-

129 1973 185 2002 tus
214 1971 259 2002 ist
283 1971 476 2002 absichtlich
500 1972 664 2011 gewiihlt,
697 1982 723 2003 s.
742 1971 795 2011 21,

129 2014 182 2056 16,
207 2015 238 2046 5.
260 2034 301 2038 -—
327 2017 459 2059 ipsum,
494 2017 566 2047 eine
586 2017 796 2056 Steigerung,

128 2061 284 2092 nachdem
302 2061 367 2092 alle
390 2061 528 2101 iibrigen
549 2061 657 2093 Mittel
680 2059 795 2102 ausge-

129 2105 221 2136 z'zihlt
238 2106 320 2137 sind.
338 2124 381 2128 ——
398 2116 589 2146 senescere,
620 2107 672 2138 hei
691 2107 728 2138 H.
749 2107 796 2138 sei

128 2149 254 2180 bereits
273 2150 324 2180 ein
345 2151 467 2182 Sinken
485 2169 529 2173 —
546 2152 767 2191 eingetreten.

175 2188 215 2225 4.
237 2194 332 2226 1—2.
350 2196 516 2239 prolaps.‚
547 2207 573 2227 s.
594 2196 646 2236 30,
668 2196 718 2235 12,
738 2196 794 2228 18:

130 2240 163 2269 in
185 2240 454 2271 misericordiam
476 2240 670 2284 prolapsus,
699 2252 739 2272 an
762 2252 794 2273 u.

131 2283 180 2315 St.
204 2284 352 2322 zugleich
376 2286 433 2316 init
456 2284 635 2317 Riicksicht
656 2285 715 2317 auf
734 2287 796 2317 den

131 2338 160 2359 c.
178 2327 209 2367 3,
230 2330 269 2359 10
286 2331 527 2367 angedeuteten
546 2331 644 2361 Sturz
662 2341 721 2362 aus
739 2332 799 2362 der

130 2371 287 2405 friiheren
306 2374 408 2405 Ho‘he.
427 2393 470 2396 —
487 2377 544 2415 ab,
571 2376 601 2406 in
620 2375 736 2415 Folge.
754 2395 798 2398 —

131 2420 282 2459 instans,
316 2420 498 2459 ‹lriingend,
533 2430 558 2450 s.
579 2420 635 2460 28,
670 2420 730 2461 38,
761 2420 796 2459 93

130 2466 347 2506 praesentib„
361 2465 450 2505 jetzt
468 2465 592 2496 bei‘eits
607 2466 657 2505 da,
675 2465 716 2496 im
732 2465 799 2497 Ge-

133 2514 292 2548 gensatze
312 2521 352 2540 zu
370 2511 430 2541 den
456 2509 642 2549 kiinffigeng
678 2511 744 2549 vgl.
769 2510 803 2551 2,

133 2553 194 2594 48,
224 2554 260 2585 6:
289 2555 356 2587 alla
379 2555 461 2587 bella
480 2557 674 2598 praesentia
695 2557 802 2586 insta-

135 2600 231 2638 bant3
265 2599 364 2640 ib.36,
383 2601 413 2631 5.
432 2618 477 2624 --
492 2599 721 2641 consultand.,
745 2601 803 2631 da-

867 1299 930 1339 bei,
948 1299 1012 1330 wie
1031 1299 1081 1330 bei
1098 1299 1234 1342 placuit,
1258 1299 1301 1330 ist
1319 1299 1479 1330 zuniichst
1495 1308 1536 1330 an

867 1345 928 1375 den
948 1344 1050 1375 senat
1068 1355 1109 1375 zu
1128 1344 1267 1375 denken.
1285 1361 1330 1366 —
1346 1346 1485 1385 agrisq„
1504 1344 1536 1374 in

866 1390 927 1420 den
946 1389 1315 1421 Unterthanenliindern
1333 1388 1535 1428 Carthagos3

867 1444 893 1466 s.
913 1434 965 1473 28,
984 1434 1039 1474 44,
1054 1434 1084 1465 5.
1102 1453 1145 1456 ——
1167 1434 1340 1475 Afrorum
1363 1434 1436 1464 hier
1453 1432 1536 1464 freie

866 1479 962 1510 oder:
996 1489 1058 1509 nur
1081 1478 1285 1509 verbiindete
1304 1477 1443 1516 Volker,
1468 1478 1537 1518 vgl.

866 1534 893 1555 c.
913 1524 944 1563 3,
966 1522 1025 1561 133
1044 1522 1094 1564 27,
1115 1524 1145 1562 5,
1164 1523 1221 1561 113
1242 1523 1337 1555 Diod.
1352 1523 1417 1554 Sic.
1435 1523 1485 1564 11,
1504 1523 1535 1554 1:

868 1567 908 1601 ἐκ
940 1568 1002 1609 τῆς
1029 1565 1173 1609 Λιβύης
1206 1564 1355 1609 ἁπάσης
1383 1568 1442 1599 καὶ
1474 1568 1538 1609 τῆς

867 1610 1112 1656 Καρχηδόνος
1134 1613 1370 1657 κατέγραφον
1394 1613 1539 1645 πολιτι-

866 1657 933 1694 κὰς
950 1655 1137 1702 δυνάμεις.
1151 1676 1195 1680 ——
1208 1659 1379 1689 haberi—
1392 1660 1536 1698 mittere,

870 1714 897 1736 c.
919 1703 970 1742 19,
986 1702 1004 1733 6
1015 1701 1057 1741 f.;
1076 1703 1269 1734 ausserdem
1284 1703 1328 1734 ist
1341 1703 1400 1734 der
1414 1703 1539 1733 WVech-

870 1748 920 1779 sel
934 1749 993 1778 der
1007 1748 1174 1788 Subjecte,
1190 1747 1360 1778 Chiasmus
1375 1748 1438 1778 und
1449 1747 1540 1778 Ana-

869 1793 951 1834 pher
968 1803 1009 1823 zu
1026 1792 1197 1823 beachten.
1215 1811 1259 1814 -
1276 1791 1322 1823 (ια’
1331 1792 1439 1835 Ηφρ.,
1458 1792 1537 1823 nach

869 1837 908 1868 H.
927 1847 980 1867 zu.

915 1881 1014 1912 3—4.
1042 1882 1112 1912 iam
1136 1882 1254 1921 geho'rt
1278 1891 1318 1912 zu
1342 1882 1536 1922 agentibus.

870 1945 914 1949 —
931 1936 1085 1958 summae
1104 1928 1133 1957 b.
1162 1937 1219 1966 m.,
1252 1926 1304 1956 die
1330 1926 1456 1957 Wucht
1480 1927 1539 1956 dei·

869 1971 1101 2013 Hauptmacht,
1137 1972 1187 2002 die
1221 1971 1398 2011 gewaltige
1428 1970 1540 2002 Macht

870 2027 930 2047 zur
944 2016 1101 2056 Fiihrung
1119 2017 1176 2047 des
1194 2014 1336 2056 Rrieges
1355 2016 1470 2055 selbst,
1497 2016 1538 2046 iin

870 2060 1080 2102 Gegensatze
1095 2072 1136 2092 zu
1151 2062 1378 2092 derz'ncursz'o.
1393 2071 1537 2100 summa,

869 2107 920 2137 die
939 2106 1194 2145 Gesammtheit,
1220 2107 1277 2137 das
1296 2105 1538 2144 WVesentlich

869 2151 1072 2190 Wichtigste
1087 2151 1180 2182 einer
1189 2151 1303 2191 Sache,
1318 2151 1399 2181 wird
1415 2151 1445 2181 in
1460 2160 1538 2181 ver-

869 2196 1064 2227 schiedener
1082 2196 1274 2235 Bedeutung
1290 2195 1348 2226 mit
1373 2194 1448 2226 belli
1462 2205 1540 2226 ver-

869 2241 1015 2278 bunden,
1048 2241 1115 2280 vgl.
1141 2239 1194 2278 30,
1219 2239 1250 2279 3,
1276 2239 1314 2278 1;
1351 2239 1381 2278 3,
1407 2240 1461 2279 61,
1483 2239 1538 2271 13:

868 2287 902 2317 in
918 2286 1049 2328 proelia
1062 2295 1170 2328 parva
1183 2287 1541 2327 carperentsummam

871 2331 963 2369 belm
982 2331 1060 2362 Tac.
1081 2330 1165 2361 Ann.
1186 2330 1216 2369 2,
1235 2330 1294 2361 45:
1317 2340 1420 2372 penes
1440 2332 1538 2361 utros

861 2377 983 2418 fuerit
999 2386 1132 2406 summa
1150 2375 1239 2413 belli,
1274 2374 1369 2406 Caes.
1395 2375 1428 2405 B.
1450 2374 1489 2405 G.
1511 2375 1538 2413 1,

871 2421 926 2461 41,
945 2421 980 2451 3:
1000 2421 1040 2452 de
1053 2430 1187 2452 summa
1201 2419 1276 2451 belli
1285 2419 1453 2459 iudicium,
1471 2419 1536 2459 vgl.

873 2465 927 2505 26,
956 2466 1005 2507 12,
1033 2466 1083 2496 10.
1118 2464 1187 2495 Zur
1211 2464 1400 2496 Construct.
1427 2474 1453 2495 s.
1488 2464 1538 2503 10,

875 2511 927 2550 14,
952 2511 987 2541 9:
1019 2510 1198 2542 discrimen
1223 2520 1377 2541 summae
1405 2519 1539 2546 rerum3

874 2554 928 2595 21,
954 2555 1006 2596 29,
1030 2556 1061 2586 4.
1084 2574 1128 2577 —
1150 2555 1258 2594 alios„
1283 2566 1309 2586 c.
1329 2554 1357 2595 3,
1377 2554 1406 2586 2.
1425 2572 1468 2576 —
1485 2564 1539 2585 re-

872 2600 993 2641 gulos,
1033 2610 1060 2631 s.
1085 2600 1138 2641 27,
1162 2600 1195 2641 4,
1219 2600 1250 2631 9.
1290 2600 1374 2631 Dass
1404 2599 1539 2641 Syphax
