<?xml version="1.0" encoding="UTF-8"?>
<!DOCTYPE html PUBLIC "-//W3C//DTD XHTML 1.0 Transitional//EN"
    "http://www.w3.org/TR/xhtml1/DTD/xhtml1-transitional.dtd">
<html xmlns="http://www.w3.org/1999/xhtml" xml:lang="en" lang="en">
 <head>
  <title>
</title>
<meta http-equiv="Content-Type" content="text/html;charset=utf-8" />
  <meta name='ocr-system' content='tesseract 3.04.00' />
  <meta name='ocr-capabilities' content='ocr_page ocr_carea ocr_par ocr_line ocrx_word'/>
</head>
<body>
  <div class='ocr_page' id='page_1' title='image "./aburbeconditalib0506livyuoft_0738.png"; bbox 0 0 1784 2967; ppageno 0'>
   <div class='ocr_carea' id='block_1_1' title="bbox 185 731 237 771">
    <p class='ocr_par' dir='ltr' id='par_1_1' title="bbox 185 731 237 771">
     <span class='ocr_line' id='line_1_1' title="bbox 185 731 237 771; baseline 0 0"><span class='ocrx_word' id='word_1_1' title='bbox 185 731 237 771; x_wconf 80' lang='lat'>13</span> 
     </span>
    </p>
   </div>
   <div class='ocr_carea' id='block_1_2' title="bbox 270 241 351 280">
    <p class='ocr_par' dir='ltr' id='par_1_2' title="bbox 270 241 351 280">
     <span class='ocr_line' id='line_1_2' title="bbox 270 241 351 280; baseline 0 0"><span class='ocrx_word' id='word_1_2' title='bbox 270 241 351 280; x_wconf 82' lang='lat'>350</span> 
     </span>
    </p>
   </div>
   <div class='ocr_carea' id='block_1_3' title="bbox 693 236 1249 271">
    <p class='ocr_par' dir='ltr' id='par_1_3' title="bbox 693 236 1249 271">
     <span class='ocr_line' id='line_1_3' title="bbox 693 236 1249 271; baseline 0.004 -3"><span class='ocrx_word' id='word_1_3' title='bbox 693 236 819 269; x_wconf 85' lang='lat' dir='ltr'><strong>LIBER</strong></span> <span class='ocrx_word' id='word_1_4' title='bbox 843 236 958 269; x_wconf 90' lang='lat' dir='ltr'>XXX.</span> <span class='ocrx_word' id='word_1_5' title='bbox 1008 237 1101 271; x_wconf 90' lang='lat' dir='ltr'>CAP.</span> <span class='ocrx_word' id='word_1_6' title='bbox 1123 237 1174 269; x_wconf 87' lang='lat'>12.</span> <span class='ocrx_word' id='word_1_7' title='bbox 1198 238 1249 270; x_wconf 90' lang='lat'>13.</span> 
     </span>
    </p>
   </div>
   <div class='ocr_carea' id='block_1_4' title="bbox 1536 250 1681 275">
    <p class='ocr_par' dir='ltr' id='par_1_4' title="bbox 1536 250 1681 275">
     <span class='ocr_line' id='line_1_4' title="bbox 1536 250 1681 275; baseline 0.007 -1"><span class='ocrx_word' id='word_1_8' title='bbox 1536 257 1561 274; x_wconf 76' lang='lat' dir='ltr'>a.</span> <span class='ocrx_word' id='word_1_9' title='bbox 1579 256 1607 275; x_wconf 85' lang='lat' dir='ltr'>u.</span> <span class='ocrx_word' id='word_1_10' title='bbox 1620 250 1681 275; x_wconf 89' lang='lat'>551.</span> 
     </span>
    </p>
   </div>
   <div class='ocr_carea' id='block_1_5' title="bbox 266 339 1681 505">
    <p class='ocr_par' dir='ltr' id='par_1_5' title="bbox 266 339 1681 505">
     <span class='ocr_line' id='line_1_5' title="bbox 267 339 1680 394; baseline 0.001 -13"><span class='ocrx_word' id='word_1_11' title='bbox 267 342 318 381; x_wconf 87' lang='lat' dir='ltr'>tis</span> <span class='ocrx_word' id='word_1_12' title='bbox 339 342 485 392; x_wconf 90' lang='lat' dir='ltr'>nuptiis</span> <span class='ocrx_word' id='word_1_13' title='bbox 506 339 731 390; x_wconf 89' lang='lat' dir='ltr'>supervenit</span> <span class='ocrx_word' id='word_1_14' title='bbox 746 339 909 388; x_wconf 87' lang='lat' dir='ltr'>Laelius,</span> <span class='ocrx_word' id='word_1_15' title='bbox 931 345 969 379; x_wconf 88' lang='lat' dir='ltr'>et</span> <span class='ocrx_word' id='word_1_16' title='bbox 988 339 1084 379; x_wconf 87' lang='lat' dir='ltr'>adeo</span> <span class='ocrx_word' id='word_1_17' title='bbox 1105 352 1185 379; x_wconf 91' lang='lat' dir='ltr'>non</span> <span class='ocrx_word' id='word_1_18' title='bbox 1207 340 1460 381; x_wconf 87' lang='lat' dir='ltr'>dissimulavit</span> <span class='ocrx_word' id='word_1_19' title='bbox 1480 342 1680 394; x_wconf 88' lang='lat' dir='ltr'>improba-</span> 
     </span>
     <span class='ocr_line' id='line_1_6' title="bbox 266 395 1679 450; baseline 0.001 -14"><span class='ocrx_word' id='word_1_20' title='bbox 266 410 307 436; x_wconf 91' lang='lat' dir='ltr'>re</span> <span class='ocrx_word' id='word_1_21' title='bbox 334 410 374 436; x_wconf 90' lang='lat' dir='ltr'>se</span> <span class='ocrx_word' id='word_1_22' title='bbox 399 398 566 441; x_wconf 89' lang='lat' dir='ltr'>factum,</span> <span class='ocrx_word' id='word_1_23' title='bbox 596 400 640 434; x_wconf 89' lang='lat' dir='ltr'>ut</span> <span class='ocrx_word' id='word_1_24' title='bbox 665 395 794 446; x_wconf 87' lang='lat' dir='ltr'>primo</span> <span class='ocrx_word' id='word_1_25' title='bbox 823 395 938 435; x_wconf 91' lang='lat' dir='ltr'>etiam</span> <span class='ocrx_word' id='word_1_26' title='bbox 966 409 1053 435; x_wconf 91' lang='lat' dir='ltr'>cum</span> <span class='ocrx_word' id='word_1_27' title='bbox 1076 396 1252 448; x_wconf 80' lang='lat' dir='ltr'>Syphace</span> <span class='ocrx_word' id='word_1_28' title='bbox 1284 402 1321 436; x_wconf 88' lang='lat' dir='ltr'>et</span> <span class='ocrx_word' id='word_1_29' title='bbox 1353 398 1488 438; x_wconf 88' lang='lat' dir='ltr'>ceteris</span> <span class='ocrx_word' id='word_1_30' title='bbox 1516 400 1679 450; x_wconf 88' lang='lat' dir='ltr'>captivis</span> 
     </span>
     <span class='ocr_line' id='line_1_7' title="bbox 267 451 1681 505; baseline 0.002 -13"><span class='ocrx_word' id='word_1_31' title='bbox 267 454 475 492; x_wconf 81' lang='lat' dir='ltr'><strong>detractam</strong></span> <span class='ocrx_word' id='word_1_32' title='bbox 513 464 597 490; x_wconf 87' lang='lat' dir='ltr'>eam</span> <span class='ocrx_word' id='word_1_33' title='bbox 635 451 768 503; x_wconf 75' lang='lat' dir='ltr'>geniali</span> <span class='ocrx_word' id='word_1_34' title='bbox 801 459 886 491; x_wconf 82' lang='lat' dir='ltr'>toro</span> <span class='ocrx_word' id='word_1_35' title='bbox 919 452 1071 492; x_wconf 86' lang='lat' dir='ltr'>mittere</span> <span class='ocrx_word' id='word_1_36' title='bbox 1100 453 1146 492; x_wconf 92' lang='lat' dir='ltr'>ad</span> <span class='ocrx_word' id='word_1_37' title='bbox 1171 453 1392 505; x_wconf 79' lang='lat' dir='ltr'>Scipionem</span> <span class='ocrx_word' id='word_1_38' title='bbox 1423 460 1587 494; x_wconf 82' lang='lat' dir='ltr'>conatus</span> <span class='ocrx_word' id='word_1_39' title='bbox 1617 456 1681 495; x_wconf 93' lang='lat' dir='ltr'>sit.</span> 
     </span>
    </p>
   </div>
   <div class='ocr_carea' id='block_1_6' title="bbox 194 508 1680 559">
    <p class='ocr_par' dir='ltr' id='par_1_6' title="bbox 194 508 1680 559">
     <span class='ocr_line' id='line_1_8' title="bbox 194 508 1680 559; baseline 0.001 -10"><span class='ocrx_word' id='word_1_40' title='bbox 194 516 236 549; x_wconf 86' lang='lat'>22</span> <span class='ocrx_word' id='word_1_41' title='bbox 270 509 389 547; x_wconf 89' lang='lat' dir='ltr'>victus</span> <span class='ocrx_word' id='word_1_42' title='bbox 418 509 555 547; x_wconf 86' lang='lat' dir='ltr'>deinde</span> <span class='ocrx_word' id='word_1_43' title='bbox 584 508 764 559; x_wconf 89' lang='lat' dir='ltr'>precibus</span> <span class='ocrx_word' id='word_1_44' title='bbox 785 508 1011 548; x_wconf 82' lang='lat' dir='ltr'>Masinissae</span> <span class='ocrx_word' id='word_1_45' title='bbox 1041 510 1210 557; x_wconf 88' lang='lat' dir='ltr'>orantis,</span> <span class='ocrx_word' id='word_1_46' title='bbox 1240 515 1281 549; x_wconf 93' lang='lat' dir='ltr'>ut</span> <span class='ocrx_word' id='word_1_47' title='bbox 1307 511 1527 553; x_wconf 75' lang='lat' dir='ltr'>arbitrium,</span> <span class='ocrx_word' id='word_1_48' title='bbox 1555 512 1680 551; x_wconf 89' lang='lat' dir='ltr'>utrius</span> 
     </span>
    </p>
   </div>
   <div class='ocr_carea' id='block_1_7' title="bbox 207 565 1742 1464">
    <p class='ocr_par' dir='ltr' id='par_1_7' title="bbox 207 565 1742 1464">
     <span class='ocr_line' id='line_1_9' title="bbox 266 565 1677 619; baseline 0.002 -15"><span class='ocrx_word' id='word_1_49' title='bbox 266 577 398 614; x_wconf 85' lang='lat' dir='ltr'>regum</span> <span class='ocrx_word' id='word_1_50' title='bbox 438 565 607 604; x_wconf 89' lang='lat' dir='ltr'>duorum</span> <span class='ocrx_word' id='word_1_51' title='bbox 641 565 819 604; x_wconf 86' lang='lat' dir='ltr'>fortunae</span> <span class='ocrx_word' id='word_1_52' title='bbox 845 566 1018 604; x_wconf 84' lang='lat' dir='ltr'>accessio</span> <span class='ocrx_word' id='word_1_53' title='bbox 1047 566 1275 617; x_wconf 86' lang='lat' dir='ltr'>Sophoniba</span> <span class='ocrx_word' id='word_1_54' title='bbox 1297 572 1415 614; x_wconf 89' lang='lat' dir='ltr'>esset,</span> <span class='ocrx_word' id='word_1_55' title='bbox 1447 568 1492 606; x_wconf 92' lang='lat' dir='ltr'>ad</span> <span class='ocrx_word' id='word_1_56' title='bbox 1524 568 1677 619; x_wconf 86' lang='lat' dir='ltr'>Scipio-</span> 
     </span>
     <span class='ocr_line' id='line_1_10' title="bbox 264 621 1679 673; baseline 0.004 -14"><span class='ocrx_word' id='word_1_57' title='bbox 264 633 354 660; x_wconf 88' lang='lat' dir='ltr'>nem</span> <span class='ocrx_word' id='word_1_58' title='bbox 376 621 553 667; x_wconf 81' lang='lat' dir='ltr'>reiceret,</span> <span class='ocrx_word' id='word_1_59' title='bbox 583 622 704 660; x_wconf 90' lang='lat' dir='ltr'>misso</span> <span class='ocrx_word' id='word_1_60' title='bbox 728 621 903 672; x_wconf 84' lang='lat' dir='ltr'>Syphace</span> <span class='ocrx_word' id='word_1_61' title='bbox 925 627 962 661; x_wconf 89' lang='lat' dir='ltr'>et</span> <span class='ocrx_word' id='word_1_62' title='bbox 982 622 1140 673; x_wconf 87' lang='lat' dir='ltr'>captivis</span> <span class='ocrx_word' id='word_1_63' title='bbox 1162 628 1307 662; x_wconf 88' lang='lat' dir='ltr'>ceteras</span> <span class='ocrx_word' id='word_1_64' title='bbox 1331 624 1444 663; x_wconf 90' lang='lat' dir='ltr'>urbes</span> <span class='ocrx_word' id='word_1_65' title='bbox 1465 623 1679 672; x_wconf 89' lang='lat' dir='ltr'>Numidiae,</span> 
     </span>
     <span class='ocr_line' id='line_1_11' title="bbox 264 677 1607 731; baseline 0.002 -15"><span class='ocrx_word' id='word_1_66' title='bbox 264 689 361 728; x_wconf 89' lang='lat' dir='ltr'>quae</span> <span class='ocrx_word' id='word_1_67' title='bbox 382 678 585 728; x_wconf 83' lang='lat' dir='ltr'>praesidiis</span> <span class='ocrx_word' id='word_1_68' title='bbox 607 677 723 728; x_wconf 84' lang='lat' dir='ltr'>regiis</span> <span class='ocrx_word' id='word_1_69' title='bbox 742 678 985 724; x_wconf 88' lang='lat' dir='ltr'>tenebantur,</span> <span class='ocrx_word' id='word_1_70' title='bbox 1007 679 1210 719; x_wconf 89' lang='lat' dir='ltr'>adiuvante</span> <span class='ocrx_word' id='word_1_71' title='bbox 1231 680 1437 719; x_wconf 80' lang='lat' dir='ltr'>Masinissa</span> <span class='ocrx_word' id='word_1_72' title='bbox 1458 680 1607 731; x_wconf 85' lang='lat' dir='ltr'>recipit.</span> 
     </span>
     <span class='ocr_line' id='line_1_12' title="bbox 380 734 1678 785; baseline 0.003 -13"><span class='ocrx_word' id='word_1_73' title='bbox 380 734 595 785; x_wconf 84' lang='lat' dir='ltr'>Syphacem</span> <span class='ocrx_word' id='word_1_74' title='bbox 619 734 657 772; x_wconf 91' lang='lat' dir='ltr'>in</span> <span class='ocrx_word' id='word_1_75' title='bbox 675 738 799 773; x_wconf 88' lang='lat' dir='ltr'>castra</span> <span class='ocrx_word' id='word_1_76' title='bbox 815 734 952 773; x_wconf 88' lang='lat' dir='ltr'>adduci</span> <span class='ocrx_word' id='word_1_77' title='bbox 972 747 1059 773; x_wconf 90' lang='lat' dir='ltr'>cum</span> <span class='ocrx_word' id='word_1_78' title='bbox 1077 741 1182 775; x_wconf 89' lang='lat' dir='ltr'>esset</span> <span class='ocrx_word' id='word_1_79' title='bbox 1198 737 1427 783; x_wconf 85' lang='lat' dir='ltr'>nuntiatum,</span> <span class='ocrx_word' id='word_1_80' title='bbox 1450 737 1578 775; x_wconf 88' lang='lat' dir='ltr'>omnis</span> <span class='ocrx_word' id='word_1_81' title='bbox 1601 737 1678 776; x_wconf 88' lang='lat' dir='ltr'>vel-</span> 
     </span>
     <span class='ocr_line' id='line_1_13' title="bbox 213 790 1678 843; baseline 0.002 -15"><span class='ocrx_word' id='word_1_82' title='bbox 213 793 232 825; x_wconf 90' lang='lat'>2</span> <span class='ocrx_word' id='word_1_83' title='bbox 263 795 303 828; x_wconf 89' lang='lat' dir='ltr'>ut</span> <span class='ocrx_word' id='word_1_84' title='bbox 337 790 384 828; x_wconf 87' lang='lat' dir='ltr'>ad</span> <span class='ocrx_word' id='word_1_85' title='bbox 415 790 680 841; x_wconf 89' lang='lat' dir='ltr'>spectaculum</span> <span class='ocrx_word' id='word_1_86' title='bbox 709 790 898 841; x_wconf 88' lang='lat' dir='ltr'>triumphi</span> <span class='ocrx_word' id='word_1_87' title='bbox 925 791 1130 830; x_wconf 87' lang='lat' dir='ltr'>multitudo</span> <span class='ocrx_word' id='word_1_88' title='bbox 1159 793 1279 831; x_wconf 75' lang='lat' dir='ltr'>effusa</span> <span class='ocrx_word' id='word_1_89' title='bbox 1308 798 1378 832; x_wconf 90' lang='lat' dir='ltr'>est.</span> <span class='ocrx_word' id='word_1_90' title='bbox 1427 793 1678 843; x_wconf 85' lang='lat' dir='ltr'>praecedebat</span> 
     </span>
     <span class='ocr_line' id='line_1_14' title="bbox 261 846 1673 900; baseline 0.004 -16"><span class='ocrx_word' id='word_1_91' title='bbox 261 846 345 897; x_wconf 88' lang='lat' dir='ltr'>ipse</span> <span class='ocrx_word' id='word_1_92' title='bbox 366 847 530 893; x_wconf 88' lang='lat' dir='ltr'>vinctus,</span> <span class='ocrx_word' id='word_1_93' title='bbox 553 848 786 898; x_wconf 82' lang='lat' dir='ltr'>sequebatur</span> <span class='ocrx_word' id='word_1_94' title='bbox 806 859 898 897; x_wconf 83' lang='lat' dir='ltr'>grex</span> <span class='ocrx_word' id='word_1_95' title='bbox 917 847 1104 886; x_wconf 84' lang='lat' dir='ltr'>nobilium</span> <span class='ocrx_word' id='word_1_96' title='bbox 1123 848 1393 888; x_wconf 88' lang='lat' dir='ltr'>Numidarum.</span> <span class='ocrx_word' id='word_1_97' title='bbox 1428 855 1526 898; x_wconf 89' lang='lat' dir='ltr'>tum,</span> <span class='ocrx_word' id='word_1_98' title='bbox 1549 861 1673 900; x_wconf 90' lang='lat' dir='ltr'>quan-</span> 
     </span>
     <span class='ocr_line' id='line_1_15' title="bbox 258 903 1675 957; baseline 0.004 -17"><span class='ocrx_word' id='word_1_99' title='bbox 258 908 342 940; x_wconf 82' lang='lat' dir='ltr'>tum</span> <span class='ocrx_word' id='word_1_100' title='bbox 362 903 524 953; x_wconf 89' lang='lat' dir='ltr'>quisque</span> <span class='ocrx_word' id='word_1_101' title='bbox 541 903 751 954; x_wconf 89' lang='lat' dir='ltr'>plurimum</span> <span class='ocrx_word' id='word_1_102' title='bbox 770 907 933 953; x_wconf 86' lang='lat' dir='ltr'>poterat,</span> <span class='ocrx_word' id='word_1_103' title='bbox 951 904 1207 954; x_wconf 86' lang='lat' dir='ltr'>magnitudini</span> <span class='ocrx_word' id='word_1_104' title='bbox 1224 906 1424 956; x_wconf 86' lang='lat' dir='ltr'>Syphacis,</span> <span class='ocrx_word' id='word_1_105' title='bbox 1440 907 1564 945; x_wconf 87' lang='lat' dir='ltr'>famae</span> <span class='ocrx_word' id='word_1_106' title='bbox 1580 918 1675 957; x_wconf 82' lang='lat' dir='ltr'>gen-</span> 
     </span>
     <span class='ocr_line' id='line_1_16' title="bbox 211 958 1675 1013; baseline 0.003 -16"><span class='ocrx_word' id='word_1_107' title='bbox 211 963 230 995; x_wconf 89' lang='lat'>3</span> <span class='ocrx_word' id='word_1_108' title='bbox 259 958 309 997; x_wconf 88' lang='lat' dir='ltr'>tis</span> <span class='ocrx_word' id='word_1_109' title='bbox 342 959 540 998; x_wconf 86' lang='lat' dir='ltr'>victoriam</span> <span class='ocrx_word' id='word_1_110' title='bbox 578 972 688 998; x_wconf 90' lang='lat' dir='ltr'>suam</span> <span class='ocrx_word' id='word_1_111' title='bbox 724 959 899 1010; x_wconf 86' lang='lat' dir='ltr'>augendo</span> <span class='ocrx_word' id='word_1_112' title='bbox 936 960 1117 999; x_wconf 84' lang='lat' dir='ltr'>addebat:</span> <span class='ocrx_word' id='word_1_113' title='bbox 1151 961 1256 999; x_wconf 91' lang='lat' dir='ltr'>illum</span> <span class='ocrx_word' id='word_1_114' title='bbox 1285 974 1371 1000; x_wconf 90' lang='lat' dir='ltr'>esse</span> <span class='ocrx_word' id='word_1_115' title='bbox 1398 974 1539 1013; x_wconf 82' lang='lat' dir='ltr'>regem,</span> <span class='ocrx_word' id='word_1_116' title='bbox 1566 962 1675 1001; x_wconf 90' lang='lat' dir='ltr'>cuius</span> 
     </span>
     <span class='ocr_line' id='line_1_17' title="bbox 216 1015 1675 1069; baseline 0.003 -16"><span class='ocrx_word' id='word_1_117' title='bbox 216 1038 219 1039; x_wconf 31' lang='grc' dir='ltr'><em>ν</em></span> <span class='ocrx_word' id='word_1_118' title='bbox 258 1020 410 1054; x_wconf 85' lang='lat' dir='ltr'>tantum</span> <span class='ocrx_word' id='word_1_119' title='bbox 445 1016 633 1055; x_wconf 87' lang='lat' dir='ltr'>maiestati</span> <span class='ocrx_word' id='word_1_120' title='bbox 667 1016 744 1054; x_wconf 90' lang='lat' dir='ltr'>duo</span> <span class='ocrx_word' id='word_1_121' title='bbox 781 1015 1043 1067; x_wconf 85' lang='lat' dir='ltr'>potentissimi</span> <span class='ocrx_word' id='word_1_122' title='bbox 1077 1016 1117 1055; x_wconf 91' lang='lat' dir='ltr'>in</span> <span class='ocrx_word' id='word_1_123' title='bbox 1152 1017 1264 1056; x_wconf 89' lang='lat' dir='ltr'>terris</span> <span class='ocrx_word' id='word_1_124' title='bbox 1294 1018 1502 1057; x_wconf 86' lang='lat' dir='ltr'>tribuerint</span> <span class='ocrx_word' id='word_1_125' title='bbox 1527 1018 1675 1069; x_wconf 91' lang='lat' dir='ltr'>populi,</span> 
     </span>
     <span class='ocr_line' id='line_1_18' title="bbox 209 1071 1677 1124; baseline 0.003 -16"><span class='ocrx_word' id='word_1_126' title='bbox 209 1077 230 1108; x_wconf 84' lang='lat'>4</span> <span class='ocrx_word' id='word_1_127' title='bbox 259 1071 460 1113; x_wconf 87' lang='lat' dir='ltr'>Romanus</span> <span class='ocrx_word' id='word_1_128' title='bbox 484 1072 897 1123; x_wconf 81' lang='lat' dir='ltr'>Carthaginiensisque,</span> <span class='ocrx_word' id='word_1_129' title='bbox 918 1077 960 1111; x_wconf 83' lang='lat' dir='ltr'>ut</span> <span class='ocrx_word' id='word_1_130' title='bbox 981 1073 1124 1124; x_wconf 83' lang='lat' dir='ltr'>Scipio,</span> <span class='ocrx_word' id='word_1_131' title='bbox 1146 1073 1358 1124; x_wconf 89' lang='lat' dir='ltr'>imperator</span> <span class='ocrx_word' id='word_1_132' title='bbox 1379 1087 1485 1122; x_wconf 91' lang='lat' dir='ltr'>suus,</span> <span class='ocrx_word' id='word_1_133' title='bbox 1508 1075 1556 1113; x_wconf 90' lang='lat' dir='ltr'>ad</span> <span class='ocrx_word' id='word_1_134' title='bbox 1577 1075 1677 1113; x_wconf 90' lang='lat' dir='ltr'>ami-</span> 
     </span>
     <span class='ocr_line' id='line_1_19' title="bbox 258 1127 1672 1182; baseline 0.002 -16"><span class='ocrx_word' id='word_1_135' title='bbox 258 1127 384 1166; x_wconf 88' lang='lat' dir='ltr'>citiam</span> <span class='ocrx_word' id='word_1_136' title='bbox 422 1129 504 1167; x_wconf 90' lang='lat' dir='ltr'>eius</span> <span class='ocrx_word' id='word_1_137' title='bbox 539 1128 765 1179; x_wconf 87' lang='lat' dir='ltr'>petendam,</span> <span class='ocrx_word' id='word_1_138' title='bbox 798 1128 927 1167; x_wconf 88' lang='lat' dir='ltr'>relicta</span> <span class='ocrx_word' id='word_1_139' title='bbox 959 1129 1156 1180; x_wconf 90' lang='lat' dir='ltr'>provincia</span> <span class='ocrx_word' id='word_1_140' title='bbox 1183 1130 1387 1181; x_wconf 78' lang='lat' dir='ltr'>Hispania,</span> <span class='ocrx_word' id='word_1_141' title='bbox 1416 1131 1672 1182; x_wconf 83' lang='lat' dir='ltr'>exercituque,</span> 
     </span>
     <span class='ocr_line' id='line_1_20' title="bbox 208 1183 1672 1236; baseline 0.003 -14"><span class='ocrx_word' id='word_1_142' title='bbox 208 1188 227 1219; x_wconf 86' lang='lat'>5</span> <span class='ocrx_word' id='word_1_143' title='bbox 258 1183 406 1223; x_wconf 89' lang='lat' dir='ltr'>duabus</span> <span class='ocrx_word' id='word_1_144' title='bbox 429 1184 774 1236; x_wconf 86' lang='lat' dir='ltr'>quinqueremibus</span> <span class='ocrx_word' id='word_1_145' title='bbox 796 1185 837 1223; x_wconf 91' lang='lat' dir='ltr'>in</span> <span class='ocrx_word' id='word_1_146' title='bbox 857 1185 1024 1224; x_wconf 84' lang='lat' dir='ltr'>Africam</span> <span class='ocrx_word' id='word_1_147' title='bbox 1046 1186 1295 1236; x_wconf 85' lang='lat' dir='ltr'>navigaverit,</span> <span class='ocrx_word' id='word_1_148' title='bbox 1316 1186 1546 1231; x_wconf 83' lang='lat' dir='ltr'>Hasdrubal,</span> <span class='ocrx_word' id='word_1_149' title='bbox 1570 1187 1672 1226; x_wconf 88' lang='lat' dir='ltr'>Poe—</span> 
     </span>
     <span class='ocr_line' id='line_1_21' title="bbox 256 1241 1670 1294; baseline 0.003 -16"><span class='ocrx_word' id='word_1_150' title='bbox 256 1251 398 1279; x_wconf 90' lang='lat' dir='ltr'>norum</span> <span class='ocrx_word' id='word_1_151' title='bbox 420 1241 643 1292; x_wconf 89' lang='lat' dir='ltr'>imperator,</span> <span class='ocrx_word' id='word_1_152' title='bbox 665 1252 744 1279; x_wconf 90' lang='lat' dir='ltr'>non</span> <span class='ocrx_word' id='word_1_153' title='bbox 767 1241 851 1292; x_wconf 85' lang='lat' dir='ltr'>ipse</span> <span class='ocrx_word' id='word_1_154' title='bbox 873 1241 991 1280; x_wconf 91' lang='lat' dir='ltr'>modo</span> <span class='ocrx_word' id='word_1_155' title='bbox 1013 1242 1059 1280; x_wconf 90' lang='lat' dir='ltr'>ad</span> <span class='ocrx_word' id='word_1_156' title='bbox 1082 1243 1226 1281; x_wconf 90' lang='lat' dir='ltr'>eumin</span> <span class='ocrx_word' id='word_1_157' title='bbox 1243 1254 1405 1294; x_wconf 84' lang='lat' dir='ltr'>regnum</span> <span class='ocrx_word' id='word_1_158' title='bbox 1427 1243 1586 1290; x_wconf 84' lang='lat' dir='ltr'>venerit,</span> <span class='ocrx_word' id='word_1_159' title='bbox 1604 1243 1670 1282; x_wconf 88' lang='lat' dir='ltr'>sed</span> 
     </span>
     <span class='ocr_line' id='line_1_22' title="bbox 257 1297 1670 1351; baseline 0.002 -16"><span class='ocrx_word' id='word_1_160' title='bbox 257 1297 370 1335; x_wconf 88' lang='lat' dir='ltr'>etiam</span> <span class='ocrx_word' id='word_1_161' title='bbox 400 1298 514 1336; x_wconf 86' lang='lat' dir='ltr'>filiam</span> <span class='ocrx_word' id='word_1_162' title='bbox 544 1297 576 1335; x_wconf 92' lang='lat' dir='ltr'>ei</span> <span class='ocrx_word' id='word_1_163' title='bbox 608 1302 773 1348; x_wconf 89' lang='lat' dir='ltr'>nuptum</span> <span class='ocrx_word' id='word_1_164' title='bbox 801 1297 961 1336; x_wconf 89' lang='lat' dir='ltr'>dederit.</span> <span class='ocrx_word' id='word_1_165' title='bbox 1002 1298 1187 1337; x_wconf 85' lang='lat' dir='ltr'>habuisse</span> <span class='ocrx_word' id='word_1_166' title='bbox 1214 1312 1302 1338; x_wconf 84' lang='lat' dir='ltr'>eum</span> <span class='ocrx_word' id='word_1_167' title='bbox 1333 1312 1410 1339; x_wconf 91' lang='lat' dir='ltr'>uno</span> <span class='ocrx_word' id='word_1_168' title='bbox 1432 1305 1611 1351; x_wconf 88' lang='lat' dir='ltr'>tempore</span> <span class='ocrx_word' id='word_1_169' title='bbox 1631 1299 1670 1338; x_wconf 89' lang='lat' dir='ltr'>in</span> 
     </span>
     <span class='ocr_line' id='line_1_23' title="bbox 207 1354 1669 1407; baseline 0.003 -16"><span class='ocrx_word' id='word_1_170' title='bbox 207 1358 226 1389; x_wconf 87' lang='grc'>6</span> <span class='ocrx_word' id='word_1_171' title='bbox 254 1358 446 1403; x_wconf 88' lang='lat' dir='ltr'>potestate</span> <span class='ocrx_word' id='word_1_172' title='bbox 468 1354 566 1392; x_wconf 89' lang='lat' dir='ltr'>duos</span> <span class='ocrx_word' id='word_1_173' title='bbox 589 1354 862 1404; x_wconf 88' lang='lat' dir='ltr'>imperatores,</span> <span class='ocrx_word' id='word_1_174' title='bbox 880 1354 1054 1393; x_wconf 88' lang='lat' dir='ltr'>Poenum</span> <span class='ocrx_word' id='word_1_175' title='bbox 1074 1355 1384 1407; x_wconf 88' lang='lat' dir='ltr'>Romanumque.</span> <span class='ocrx_word' id='word_1_176' title='bbox 1426 1356 1525 1395; x_wconf 89' lang='lat' dir='ltr'>sicut</span> <span class='ocrx_word' id='word_1_177' title='bbox 1545 1356 1592 1395; x_wconf 88' lang='lat' dir='ltr'>ab</span> <span class='ocrx_word' id='word_1_178' title='bbox 1611 1356 1669 1395; x_wconf 84' lang='lat' dir='ltr'>dis</span> 
     </span>
     <span class='ocr_line' id='line_1_24' title="bbox 253 1409 1742 1464; baseline 0.003 -17"><span class='ocrx_word' id='word_1_179' title='bbox 253 1409 537 1449; x_wconf 91' lang='lat' dir='ltr'>immortalibus</span> <span class='ocrx_word' id='word_1_180' title='bbox 560 1422 648 1462; x_wconf 90' lang='lat' dir='ltr'>pars</span> <span class='ocrx_word' id='word_1_181' title='bbox 672 1419 833 1461; x_wconf 85' lang='lat' dir='ltr'>utraque</span> <span class='ocrx_word' id='word_1_182' title='bbox 853 1411 994 1450; x_wconf 89' lang='lat' dir='ltr'>hostiis</span> <span class='ocrx_word' id='word_1_183' title='bbox 1015 1412 1228 1451; x_wconf 86' lang='lat' dir='ltr'>mactandis</span> <span class='ocrx_word' id='word_1_184' title='bbox 1250 1425 1386 1464; x_wconf 88' lang='lat' dir='ltr'>pacem</span> <span class='ocrx_word' id='word_1_185' title='bbox 1408 1413 1587 1464; x_wconf 84' lang='lat' dir='ltr'>petisset,</span> <span class='ocrx_word' id='word_1_186' title='bbox 1615 1412 1666 1451; x_wconf 88' lang='lat' dir='ltr'>ita</span> <span class='ocrx_word' id='word_1_187' title='bbox 1697 1414 1742 1447; x_wconf 90' lang='lat'>20</span> 
     </span>
    </p>
   </div>
   <div class='ocr_carea' id='block_1_8' title="bbox 246 1500 930 2709">
    <p class='ocr_par' dir='ltr' id='par_1_8' title="bbox 247 1500 930 2391">
     <span class='ocr_line' id='line_1_25' title="bbox 255 1500 926 1541; baseline 0.003 -11"><span class='ocrx_word' id='word_1_188' title='bbox 255 1500 347 1531; x_wconf 88' lang='lat' dir='ltr'>eines</span> <span class='ocrx_word' id='word_1_189' title='bbox 368 1500 616 1541; x_wconf 84' lang='lat' dir='ltr'>Nebcnsatzcs,</span> <span class='ocrx_word' id='word_1_190' title='bbox 640 1501 710 1541; x_wconf 87' lang='lat' dir='ltr'>vgl.</span> <span class='ocrx_word' id='word_1_191' title='bbox 735 1500 789 1540; x_wconf 83' lang='lat'>32,</span> <span class='ocrx_word' id='word_1_192' title='bbox 818 1501 868 1541; x_wconf 86' lang='lat'>13,</span> <span class='ocrx_word' id='word_1_193' title='bbox 889 1501 926 1532; x_wconf 82' lang='lat'>7:</span> 
     </span>
     <span class='ocr_line' id='line_1_26' title="bbox 253 1545 930 1589; baseline 0.003 -13"><span class='ocrx_word' id='word_1_194' title='bbox 253 1555 313 1576; x_wconf 87' lang='lat' dir='ltr'>nec</span> <span class='ocrx_word' id='word_1_195' title='bbox 346 1545 438 1587; x_wconf 80' lang='lat' dir='ltr'>quod</span> <span class='ocrx_word' id='word_1_196' title='bbox 463 1546 505 1576; x_wconf 85' lang='lat' dir='ltr'>ab</span> <span class='ocrx_word' id='word_1_197' title='bbox 534 1547 629 1578; x_wconf 65' lang='lat' dir='ltr'>hoste</span> <span class='ocrx_word' id='word_1_198' title='bbox 657 1545 827 1578; x_wconf 77' lang='lat' dir='ltr'>crudelius</span> <span class='ocrx_word' id='word_1_199' title='bbox 855 1549 930 1589; x_wconf 76' lang='lat' dir='ltr'>pali</span> 
     </span>
     <span class='ocr_line' id='line_1_27' title="bbox 252 1590 925 1632; baseline 0 -11"><span class='ocrx_word' id='word_1_200' title='bbox 252 1593 392 1632; x_wconf 81' lang='lat' dir='ltr'>possent</span> <span class='ocrx_word' id='word_1_201' title='bbox 415 1591 536 1632; x_wconf 80' lang='lat' dir='ltr'>reliqui</span> <span class='ocrx_word' id='word_1_202' title='bbox 556 1591 737 1632; x_wconf 79' lang='lat' dir='ltr'>quidquam</span> <span class='ocrx_word' id='word_1_203' title='bbox 756 1592 846 1631; x_wconf 76' lang='lat' dir='ltr'>fuz&#39;l3</span> <span class='ocrx_word' id='word_1_204' title='bbox 872 1590 925 1632; x_wconf 82' lang='lat'>28,</span> 
     </span>
     <span class='ocr_line' id='line_1_28' title="bbox 254 1634 925 1676; baseline 0.001 -11"><span class='ocrx_word' id='word_1_205' title='bbox 254 1634 309 1674; x_wconf 88' lang='grc'>41,</span> <span class='ocrx_word' id='word_1_206' title='bbox 331 1635 381 1675; x_wconf 87' lang='grc'>12,</span> <span class='ocrx_word' id='word_1_207' title='bbox 400 1635 449 1665; x_wconf 88' lang='lat' dir='ltr'>als</span> <span class='ocrx_word' id='word_1_208' title='bbox 469 1635 666 1676; x_wconf 76' lang='lat' dir='ltr'>Epexegese</span> <span class='ocrx_word' id='word_1_209' title='bbox 691 1645 730 1666; x_wconf 87' lang='lat' dir='ltr'>an</span> <span class='ocrx_word' id='word_1_210' title='bbox 751 1636 802 1666; x_wconf 86' lang='lat' dir='ltr'>die</span> <span class='ocrx_word' id='word_1_211' title='bbox 820 1645 925 1674; x_wconf 87' lang='lat' dir='ltr'>ganze</span> 
     </span>
     <span class='ocr_line' id='line_1_29' title="bbox 253 1678 927 1721; baseline 0.001 -11"><span class='ocrx_word' id='word_1_212' title='bbox 253 1678 379 1710; x_wconf 87' lang='lat' dir='ltr'>Phrase</span> <span class='ocrx_word' id='word_1_213' title='bbox 392 1680 699 1721; x_wconf 68' lang='lat' dir='ltr'>rte—relinqueret</span> <span class='ocrx_word' id='word_1_214' title='bbox 710 1679 927 1719; x_wconf 81' lang='lat' dir='ltr'>angeschlos-</span> 
     </span>
     <span class='ocr_line' id='line_1_30' title="bbox 253 1724 926 1764; baseline 0 -9"><span class='ocrx_word' id='word_1_215' title='bbox 253 1734 329 1763; x_wconf 87' lang='lat' dir='ltr'>seu,</span> <span class='ocrx_word' id='word_1_216' title='bbox 348 1725 412 1755; x_wconf 91' lang='lat' dir='ltr'>und</span> <span class='ocrx_word' id='word_1_217' title='bbox 432 1725 476 1755; x_wconf 88' lang='lat' dir='ltr'>ist</span> <span class='ocrx_word' id='word_1_218' title='bbox 493 1726 725 1764; x_wconf 84' lang='lat' dir='ltr'>grammatisch</span> <span class='ocrx_word' id='word_1_219' title='bbox 743 1725 844 1755; x_wconf 90' lang='lat' dir='ltr'>durch</span> <span class='ocrx_word' id='word_1_220' title='bbox 863 1724 926 1755; x_wconf 90' lang='lat' dir='ltr'>den</span> 
     </span>
     <span class='ocr_line' id='line_1_31' title="bbox 252 1769 925 1812; baseline 0 -12"><span class='ocrx_word' id='word_1_221' title='bbox 252 1770 285 1800; x_wconf 91' lang='lat' dir='ltr'>in</span> <span class='ocrx_word' id='word_1_222' title='bbox 304 1769 480 1800; x_wconf 85' lang='lat' dir='ltr'>derselben</span> <span class='ocrx_word' id='word_1_223' title='bbox 500 1770 672 1809; x_wconf 83' lang='lat' dir='ltr'>liegenden</span> <span class='ocrx_word' id='word_1_224' title='bbox 692 1770 788 1800; x_wconf 90' lang='lat' dir='ltr'>Sinn:</span> <span class='ocrx_word' id='word_1_225' title='bbox 806 1780 848 1800; x_wconf 80' lang='lat' dir='ltr'>ne</span> <span class='ocrx_word' id='word_1_226' title='bbox 862 1780 925 1812; x_wconf 88' lang='lat' dir='ltr'>po·</span> 
     </span>
     <span class='ocr_line' id='line_1_32' title="bbox 254 1814 924 1846; baseline 0.001 -1"><span class='ocrx_word' id='word_1_227' title='bbox 254 1817 360 1846; x_wconf 80' lang='lat' dir='ltr'>testas</span> <span class='ocrx_word' id='word_1_228' title='bbox 393 1817 483 1845; x_wconf 82' lang='lat' dir='ltr'>esset</span> <span class='ocrx_word' id='word_1_229' title='bbox 515 1815 717 1846; x_wconf 86' lang='lat' dir='ltr'>veranlasst.</span> <span class='ocrx_word' id='word_1_230' title='bbox 763 1814 924 1846; x_wconf 85' lang='lat' dir='ltr'>Aebnlich</span> 
     </span>
     <span class='ocr_line' id='line_1_33' title="bbox 251 1859 926 1899; baseline 0.003 -9"><span class='ocrx_word' id='word_1_231' title='bbox 251 1860 455 1899; x_wconf 84' lang='lat' dir='ltr'>wenigstens</span> <span class='ocrx_word' id='word_1_232' title='bbox 480 1860 524 1891; x_wconf 86' lang='lat' dir='ltr'>ist</span> <span class='ocrx_word' id='word_1_233' title='bbox 541 1859 572 1897; x_wconf 88' lang='lat'>2,</span> <span class='ocrx_word' id='word_1_234' title='bbox 591 1860 644 1899; x_wconf 86' lang='lat'>47,</span> <span class='ocrx_word' id='word_1_235' title='bbox 668 1860 723 1892; x_wconf 90' lang='lat'>12:</span> <span class='ocrx_word' id='word_1_236' title='bbox 747 1861 926 1892; x_wconf 80' lang='lat' dir='ltr'>immemor</span> 
     </span>
     <span class='ocr_line' id='line_1_34' title="bbox 252 1904 927 1946; baseline 0.001 -11"><span class='ocrx_word' id='word_1_237' title='bbox 252 1906 334 1945; x_wconf 84' lang='lat' dir='ltr'>eius,</span> <span class='ocrx_word' id='word_1_238' title='bbox 352 1904 492 1946; x_wconf 74' lang='lat' dir='ltr'>quod—</span> <span class='ocrx_word' id='word_1_239' title='bbox 499 1906 674 1945; x_wconf 67' lang='lat' dir='ltr'>imbiberat,</span> <span class='ocrx_word' id='word_1_240' title='bbox 688 1904 927 1937; x_wconf 72' lang='lat' dir='ltr'>reconcz&#39;h&#39;audc&#39;</span> 
     </span>
     <span class='ocr_line' id='line_1_35' title="bbox 249 1949 923 1993; baseline -0.001 -12"><span class='ocrx_word' id='word_1_241' title='bbox 249 1951 382 1981; x_wconf 76' lang='lat' dir='ltr'>animos</span> <span class='ocrx_word' id='word_1_242' title='bbox 403 1949 521 1993; x_wconf 78' lang='lat' dir='ltr'>plebis,</span> <span class='ocrx_word' id='word_1_243' title='bbox 551 1951 619 1990; x_wconf 84' lang='lat' dir='ltr'>vgl.</span> <span class='ocrx_word' id='word_1_244' title='bbox 644 1950 698 1990; x_wconf 69' lang='lat'>33,</span> <span class='ocrx_word' id='word_1_245' title='bbox 727 1950 777 1988; x_wconf 78' lang='lat'>10,</span> <span class='ocrx_word' id='word_1_246' title='bbox 804 1951 840 1990; x_wconf 77' lang='lat'>53</span> <span class='ocrx_word' id='word_1_247' title='bbox 870 1949 923 1992; x_wconf 75' lang='lat'>34,</span> 
     </span>
     <span class='ocr_line' id='line_1_36' title="bbox 250 1993 920 2034; baseline 0.003 -10"><span class='ocrx_word' id='word_1_248' title='bbox 250 1993 304 2034; x_wconf 82' lang='lat'>26,</span> <span class='ocrx_word' id='word_1_249' title='bbox 324 1994 354 2032; x_wconf 87' lang='grc'>6,</span> <span class='ocrx_word' id='word_1_250' title='bbox 374 1995 437 2025; x_wconf 91' lang='lat' dir='ltr'>und</span> <span class='ocrx_word' id='word_1_251' title='bbox 464 1995 615 2026; x_wconf 73' lang='lat' dir='ltr'>iihnliche</span> <span class='ocrx_word' id='word_1_252' title='bbox 641 1995 920 2027; x_wconf 83' lang='lat' dir='ltr'>Constructioncu</span> 
     </span>
     <span class='ocr_line' id='line_1_37' title="bbox 249 2038 919 2081; baseline 0.001 -11"><span class='ocrx_word' id='word_1_253' title='bbox 249 2038 302 2070; x_wconf 86' lang='lat' dir='ltr'>bei</span> <span class='ocrx_word' id='word_1_254' title='bbox 327 2039 433 2071; x_wconf 85' lang='lat' dir='ltr'>Tacit.</span> <span class='ocrx_word' id='word_1_255' title='bbox 459 2040 544 2072; x_wconf 84' lang='lat' dir='ltr'>Ann.</span> <span class='ocrx_word' id='word_1_256' title='bbox 571 2040 622 2080; x_wconf 89' lang='lat'>15,</span> <span class='ocrx_word' id='word_1_257' title='bbox 642 2041 680 2077; x_wconf 70' lang='grc' dir='ltr'>ὃς</span> <span class='ocrx_word' id='word_1_258' title='bbox 711 2040 759 2081; x_wconf 83' lang='grc'>13,</span> <span class='ocrx_word' id='word_1_259' title='bbox 779 2040 820 2071; x_wconf 86' lang='grc'>26</span> <span class='ocrx_word' id='word_1_260' title='bbox 838 2052 870 2072; x_wconf 89' lang='lat' dir='ltr'>u.</span> <span class='ocrx_word' id='word_1_261' title='bbox 889 2051 919 2071; x_wconf 83' lang='lat' dir='ltr'>u.</span> 
     </span>
     <span class='ocr_line' id='line_1_38' title="bbox 250 2084 922 2128; baseline 0.001 -13"><span class='ocrx_word' id='word_1_262' title='bbox 250 2103 291 2106; x_wconf 92' lang='lat'><strong>—</strong></span> <span class='ocrx_word' id='word_1_263' title='bbox 304 2084 395 2116; x_wconf 69' lang='lat' dir='ltr'>velut</span> <span class='ocrx_word' id='word_1_264' title='bbox 410 2086 443 2115; x_wconf 72' lang='lat'>2⁴11</span> <span class='ocrx_word' id='word_1_265' title='bbox 462 2088 549 2128; x_wconf 78' lang='lat' dir='ltr'>capt.</span> <span class='ocrx_word' id='word_1_266' title='bbox 565 2086 701 2116; x_wconf 72' lang='lat' dir='ltr'>vertritt</span> <span class='ocrx_word' id='word_1_267' title='bbox 716 2086 777 2116; x_wconf 92' lang='lat' dir='ltr'>den</span> <span class='ocrx_word' id='word_1_268' title='bbox 793 2087 922 2117; x_wconf 89' lang='lat' dir='ltr'>Adver-</span> 
     </span>
     <span class='ocr_line' id='line_1_39' title="bbox 249 2129 921 2169; baseline 0.003 -9"><span class='ocrx_word' id='word_1_269' title='bbox 249 2129 452 2169; x_wconf 77' lang='lat' dir='ltr'>bialbegriff,</span> <span class='ocrx_word' id='word_1_270' title='bbox 476 2131 537 2160; x_wconf 72' lang='lat' dir='ltr'>der</span> <span class='ocrx_word' id='word_1_271' title='bbox 562 2134 655 2160; x_wconf 86' lang='lat' dir='ltr'>sonst</span> <span class='ocrx_word' id='word_1_272' title='bbox 677 2130 727 2160; x_wconf 77' lang='lat' dir='ltr'>bei</span> <span class='ocrx_word' id='word_1_273' title='bbox 745 2131 921 2162; x_wconf 74' lang='lat' dir='ltr'>consulere</span> 
     </span>
     <span class='ocr_line' id='line_1_40' title="bbox 248 2174 917 2216; baseline 0 -11"><span class='ocrx_word' id='word_1_274' title='bbox 248 2176 282 2205; x_wconf 69' lang='lat' dir='ltr'>in</span> <span class='ocrx_word' id='word_1_275' title='bbox 301 2174 444 2216; x_wconf 76' lang='lat' dir='ltr'>aliquem</span> <span class='ocrx_word' id='word_1_276' title='bbox 468 2175 536 2205; x_wconf 88' lang='lat' dir='ltr'>sich</span> <span class='ocrx_word' id='word_1_277' title='bbox 558 2174 672 2213; x_wconf 83' lang='lat' dir='ltr'>findet,</span> <span class='ocrx_word' id='word_1_278' title='bbox 698 2185 723 2205; x_wconf 90' lang='lat' dir='ltr'>s.</span> <span class='ocrx_word' id='word_1_279' title='bbox 743 2174 773 2212; x_wconf 86' lang='lat'>3,</span> <span class='ocrx_word' id='word_1_280' title='bbox 800 2174 851 2215; x_wconf 66' lang='lat'>35,</span> <span class='ocrx_word' id='word_1_281' title='bbox 880 2175 917 2213; x_wconf 83' lang='lat'>73</span> 
     </span>
     <span class='ocr_line' id='line_1_41' title="bbox 248 2218 920 2260; baseline 0 -9"><span class='ocrx_word' id='word_1_282' title='bbox 248 2219 351 2260; x_wconf 75' lang='lat'>8,13‚</span> <span class='ocrx_word' id='word_1_283' title='bbox 374 2220 430 2255; x_wconf 80' lang='grc'>15;</span> <span class='ocrx_word' id='word_1_284' title='bbox 457 2220 511 2258; x_wconf 80' lang='grc'>45,</span> <span class='ocrx_word' id='word_1_285' title='bbox 527 2218 557 2259; x_wconf 80' lang='grc'>8,</span> <span class='ocrx_word' id='word_1_286' title='bbox 573 2219 602 2250; x_wconf 89' lang='grc'>6.</span> <span class='ocrx_word' id='word_1_287' title='bbox 639 2219 704 2250; x_wconf 82' lang='lat' dir='ltr'>Der</span> <span class='ocrx_word' id='word_1_288' title='bbox 719 2220 797 2250; x_wconf 76' lang='lat' dir='ltr'>Sutz</span> <span class='ocrx_word' id='word_1_289' title='bbox 814 2220 920 2252; x_wconf 86' lang='lat' dir='ltr'>selbst</span> 
     </span>
     <span class='ocr_line' id='line_1_42' title="bbox 248 2265 918 2308; baseline 0.001 -13"><span class='ocrx_word' id='word_1_290' title='bbox 248 2265 292 2295; x_wconf 88' lang='lat' dir='ltr'>ist</span> <span class='ocrx_word' id='word_1_291' title='bbox 330 2265 506 2296; x_wconf 86' lang='lat' dir='ltr'>verkiirzt:</span> <span class='ocrx_word' id='word_1_292' title='bbox 550 2265 641 2296; x_wconf 69' lang='lat' dir='ltr'>velut</span> <span class='ocrx_word' id='word_1_293' title='bbox 677 2267 709 2296; x_wconf 70' lang='lat' dir='ltr'>in</span> <span class='ocrx_word' id='word_1_294' title='bbox 744 2268 918 2308; x_wconf 74' lang='lat' dir='ltr'>cupllmm,</span> 
     </span>
     <span class='ocr_line' id='line_1_43' title="bbox 247 2309 920 2353; baseline 0.001 -13"><span class='ocrx_word' id='word_1_295' title='bbox 247 2320 332 2350; x_wconf 88' lang='lat' dir='ltr'>quae</span> <span class='ocrx_word' id='word_1_296' title='bbox 354 2312 422 2341; x_wconf 80' lang='lat' dir='ltr'>iam</span> <span class='ocrx_word' id='word_1_297' title='bbox 443 2320 508 2340; x_wconf 84' lang='lat' dir='ltr'>uon</span> <span class='ocrx_word' id='word_1_298' title='bbox 528 2312 659 2352; x_wconf 70' lang='lat' dir='ltr'>capta-a</span> <span class='ocrx_word' id='word_1_299' title='bbox 675 2309 738 2347; x_wconf 79' lang='lat' dir='ltr'>sed</span> <span class='ocrx_word' id='word_1_300' title='bbox 752 2329 795 2332; x_wconf 87' lang='lat'>—</span> <span class='ocrx_word' id='word_1_301' title='bbox 812 2313 920 2353; x_wconf 75' lang='lat' dir='ltr'>nupta</span> 
     </span>
     <span class='ocr_line' id='line_1_44' title="bbox 247 2355 351 2391; baseline -0.01 -6"><span class='ocrx_word' id='word_1_302' title='bbox 247 2355 351 2391; x_wconf 81' lang='lat' dir='ltr'>f&#39;oret.</span> 
     </span>
    </p>

    <p class='ocr_par' dir='ltr' id='par_1_9' title="bbox 246 2399 918 2709">
     <span class='ocr_line' id='line_1_45' title="bbox 294 2399 916 2440; baseline 0.003 -11"><span class='ocrx_word' id='word_1_303' title='bbox 294 2399 450 2430; x_wconf 79' lang='lat'>21—22.</span> <span class='ocrx_word' id='word_1_304' title='bbox 477 2409 551 2431; x_wconf 83' lang='lat' dir='ltr'>cum</span> <span class='ocrx_word' id='word_1_305' title='bbox 570 2401 652 2431; x_wconf 81' lang='lat' dir='ltr'>ohne</span> <span class='ocrx_word' id='word_1_306' title='bbox 672 2400 858 2440; x_wconf 78' lang='lat' dir='ltr'>Beziehung</span> <span class='ocrx_word' id='word_1_307' title='bbox 876 2411 916 2431; x_wconf 91' lang='lat' dir='ltr'>zu</span> 
     </span>
     <span class='ocr_line' id='line_1_46' title="bbox 248 2443 915 2485; baseline 0.001 -11"><span class='ocrx_word' id='word_1_308' title='bbox 248 2443 445 2475; x_wconf 70' lang='lat' dir='ltr'>detractam.</span> <span class='ocrx_word' id='word_1_309' title='bbox 471 2462 514 2467; x_wconf 91' lang='lat'>—-</span> <span class='ocrx_word' id='word_1_310' title='bbox 540 2448 612 2476; x_wconf 78' lang='lat' dir='ltr'>toro</span> <span class='ocrx_word' id='word_1_311' title='bbox 638 2445 681 2475; x_wconf 82' lang='lat' dir='ltr'>ist</span> <span class='ocrx_word' id='word_1_312' title='bbox 706 2446 733 2475; x_wconf 86' lang='lat' dir='ltr'>iu</span> <span class='ocrx_word' id='word_1_313' title='bbox 749 2446 915 2485; x_wconf 75' lang='lat' dir='ltr'>jiingcrcn</span> 
     </span>
     <span class='ocr_line' id='line_1_47' title="bbox 248 2488 915 2529; baseline 0.003 -11"><span class='ocrx_word' id='word_1_314' title='bbox 248 2488 321 2519; x_wconf 88' lang='lat' dir='ltr'>Hss.</span> <span class='ocrx_word' id='word_1_315' title='bbox 340 2494 534 2529; x_wconf 73' lang='lat' dir='ltr'>zugcsclzt3</span> <span class='ocrx_word' id='word_1_316' title='bbox 560 2491 622 2520; x_wconf 87' lang='lat' dir='ltr'>und</span> <span class='ocrx_word' id='word_1_317' title='bbox 644 2490 915 2521; x_wconf 69' lang='lat' dir='ltr'>wuhrsclwinlich</span> 
     </span>
     <span class='ocr_line' id='line_1_48' title="bbox 247 2533 915 2573; baseline 0.004 -11"><span class='ocrx_word' id='word_1_318' title='bbox 247 2533 291 2563; x_wconf 86' lang='lat' dir='ltr'>ist</span> <span class='ocrx_word' id='word_1_319' title='bbox 321 2534 431 2565; x_wconf 75' lang='lat' dir='ltr'>dieses</span> <span class='ocrx_word' id='word_1_320' title='bbox 466 2535 547 2564; x_wconf 84' lang='lat' dir='ltr'>oder</span> <span class='ocrx_word' id='word_1_321' title='bbox 579 2535 663 2566; x_wconf 74' lang='lat' dir='ltr'>lecto</span> <span class='ocrx_word' id='word_1_322' title='bbox 696 2535 915 2573; x_wconf 66' lang='lat' dir='ltr'>ausgvl&#39;allcn,</span> 
     </span>
     <span class='ocr_line' id='line_1_49' title="bbox 248 2578 918 2621; baseline 0.006 -15"><span class='ocrx_word' id='word_1_323' title='bbox 248 2587 340 2608; x_wconf 76' lang='lat' dir='ltr'>wcnn</span> <span class='ocrx_word' id='word_1_324' title='bbox 366 2579 433 2609; x_wconf 85' lang='lat' dir='ltr'>sich</span> <span class='ocrx_word' id='word_1_325' title='bbox 459 2581 539 2609; x_wconf 84' lang='lat' dir='ltr'>auch</span> <span class='ocrx_word' id='word_1_326' title='bbox 564 2578 675 2610; x_wconf 77' lang='lat' dir='ltr'>luvvu.</span> <span class='ocrx_word' id='word_1_327' title='bbox 707 2581 755 2618; x_wconf 85' lang='grc'>10,</span> <span class='ocrx_word' id='word_1_328' title='bbox 775 2580 838 2610; x_wconf 71' lang='grc'>331</span> <span class='ocrx_word' id='word_1_329' title='bbox 855 2591 918 2621; x_wconf 70' lang='lat' dir='ltr'>gc-</span> 
     </span>
     <span class='ocr_line' id='line_1_50' title="bbox 246 2622 916 2656; baseline 0.006 -5"><span class='ocrx_word' id='word_1_330' title='bbox 246 2622 344 2652; x_wconf 71' lang='lat' dir='ltr'>malis</span> <span class='ocrx_word' id='word_1_331' title='bbox 368 2625 452 2653; x_wconf 75' lang='lat' dir='ltr'>ohne</span> <span class='ocrx_word' id='word_1_332' title='bbox 472 2624 584 2654; x_wconf 64' lang='lat' dir='ltr'>Subst.</span> <span class='ocrx_word' id='word_1_333' title='bbox 609 2625 722 2655; x_wconf 80' lang='lat' dir='ltr'>findet.</span> <span class='ocrx_word' id='word_1_334' title='bbox 743 2643 786 2647; x_wconf 89' lang='lat'>—-</span> <span class='ocrx_word' id='word_1_335' title='bbox 804 2627 916 2656; x_wconf 75' lang='lat' dir='ltr'>ulrius</span> 
     </span>
     <span class='ocr_line' id='line_1_51' title="bbox 247 2666 915 2709; baseline 0.007 -13"><span class='ocrx_word' id='word_1_336' title='bbox 247 2666 349 2705; x_wconf 70' lang='lat' dir='ltr'>hiingt</span> <span class='ocrx_word' id='word_1_337' title='bbox 372 2678 435 2699; x_wconf 87' lang='lat' dir='ltr'>von</span> <span class='ocrx_word' id='word_1_338' title='bbox 451 2669 618 2708; x_wconf 78' lang='lat' dir='ltr'>fortunae</span> <span class='ocrx_word' id='word_1_339' title='bbox 641 2670 699 2709; x_wconf 85' lang='lat' dir='ltr'>ab,</span> <span class='ocrx_word' id='word_1_340' title='bbox 724 2671 834 2701; x_wconf 85' lang='lat' dir='ltr'>dieses</span> <span class='ocrx_word' id='word_1_341' title='bbox 852 2680 915 2701; x_wconf 85' lang='lat' dir='ltr'>von</span> 
     </span>
    </p>
   </div>
   <div class='ocr_carea' id='block_1_9' title="bbox 993 1502 1674 2128">
    <p class='ocr_par' dir='ltr' id='par_1_10' title="bbox 993 1502 1674 2128">
     <span class='ocr_line' id='line_1_52' title="bbox 998 1502 1670 1546; baseline 0.003 -12"><span class='ocrx_word' id='word_1_342' title='bbox 998 1505 1161 1544; x_wconf 75' lang='lat' dir='ltr'>accessio,</span> <span class='ocrx_word' id='word_1_343' title='bbox 1186 1514 1212 1535; x_wconf 89' lang='lat' dir='ltr'>s.</span> <span class='ocrx_word' id='word_1_344' title='bbox 1238 1514 1266 1535; x_wconf 90' lang='lat' dir='ltr'>c.</span> <span class='ocrx_word' id='word_1_345' title='bbox 1291 1503 1343 1544; x_wconf 88' lang='grc'>40,</span> <span class='ocrx_word' id='word_1_346' title='bbox 1362 1503 1392 1543; x_wconf 88' lang='grc'>3,</span> <span class='ocrx_word' id='word_1_347' title='bbox 1412 1504 1479 1544; x_wconf 78' lang='lat' dir='ltr'>vgl.</span> <span class='ocrx_word' id='word_1_348' title='bbox 1498 1502 1601 1546; x_wconf 84' lang='lat' dir='ltr'>praef.</span> <span class='ocrx_word' id='word_1_349' title='bbox 1621 1503 1670 1543; x_wconf 86' lang='lat'>3.;</span> 
     </span>
     <span class='ocr_line' id='line_1_53' title="bbox 999 1548 1674 1581; baseline 0.004 -3"><span class='ocrx_word' id='word_1_350' title='bbox 999 1548 1080 1579; x_wconf 88' lang='lat' dir='ltr'>doch</span> <span class='ocrx_word' id='word_1_351' title='bbox 1106 1548 1190 1579; x_wconf 70' lang='lat' dir='ltr'>liisst</span> <span class='ocrx_word' id='word_1_352' title='bbox 1213 1548 1281 1580; x_wconf 91' lang='lat' dir='ltr'>sich</span> <span class='ocrx_word' id='word_1_353' title='bbox 1306 1549 1396 1580; x_wconf 83' lang='lat' dir='ltr'>nicht</span> <span class='ocrx_word' id='word_1_354' title='bbox 1419 1549 1530 1580; x_wconf 86' lang='lat' dir='ltr'>sicher</span> <span class='ocrx_word' id='word_1_355' title='bbox 1547 1549 1674 1581; x_wconf 83' lang='lat' dir='ltr'>erken-</span> 
     </span>
     <span class='ocr_line' id='line_1_54' title="bbox 998 1593 1671 1634; baseline 0.003 -11"><span class='ocrx_word' id='word_1_356' title='bbox 998 1603 1073 1629; x_wconf 89' lang='lat' dir='ltr'>nen,</span> <span class='ocrx_word' id='word_1_357' title='bbox 1089 1593 1130 1623; x_wconf 93' lang='lat' dir='ltr'>ob</span> <span class='ocrx_word' id='word_1_358' title='bbox 1140 1594 1308 1633; x_wconf 77' lang='lat' dir='ltr'>fortunae</span> <span class='ocrx_word' id='word_1_359' title='bbox 1323 1593 1468 1634; x_wconf 83' lang='lat' dir='ltr'>Genitiv,</span> <span class='ocrx_word' id='word_1_360' title='bbox 1484 1605 1510 1625; x_wconf 96' lang='lat' dir='ltr'>s.</span> <span class='ocrx_word' id='word_1_361' title='bbox 1526 1594 1580 1634; x_wconf 81' lang='lat'>45,</span> <span class='ocrx_word' id='word_1_362' title='bbox 1595 1595 1623 1633; x_wconf 87' lang='grc'>7,</span> <span class='ocrx_word' id='word_1_363' title='bbox 1640 1595 1671 1634; x_wconf 85' lang='grc'>2,</span> 
     </span>
     <span class='ocr_line' id='line_1_55' title="bbox 1000 1637 1670 1677; baseline 0.006 -10"><span class='ocrx_word' id='word_1_364' title='bbox 1000 1638 1081 1668; x_wconf 88' lang='lat' dir='ltr'>oder</span> <span class='ocrx_word' id='word_1_365' title='bbox 1099 1637 1196 1668; x_wconf 83' lang='lat' dir='ltr'>Dativ</span> <span class='ocrx_word' id='word_1_366' title='bbox 1215 1639 1280 1677; x_wconf 81' lang='lat' dir='ltr'>sei,</span> <span class='ocrx_word' id='word_1_367' title='bbox 1299 1639 1363 1669; x_wconf 90' lang='lat' dir='ltr'>und</span> <span class='ocrx_word' id='word_1_368' title='bbox 1383 1639 1412 1669; x_wconf 90' lang='lat' dir='ltr'>in</span> <span class='ocrx_word' id='word_1_369' title='bbox 1431 1639 1555 1670; x_wconf 81' lang='lat' dir='ltr'>diesem</span> <span class='ocrx_word' id='word_1_370' title='bbox 1575 1639 1670 1671; x_wconf 88' lang='lat' dir='ltr'>Falle</span> 
     </span>
     <span class='ocr_line' id='line_1_56' title="bbox 1000 1683 1669 1726; baseline 0.003 -14"><span class='ocrx_word' id='word_1_371' title='bbox 1000 1692 1041 1712; x_wconf 86' lang='lat' dir='ltr'>zu</span> <span class='ocrx_word' id='word_1_372' title='bbox 1064 1684 1213 1713; x_wconf 78' lang='lat' dir='ltr'>accessio</span> <span class='ocrx_word' id='word_1_373' title='bbox 1237 1685 1329 1713; x_wconf 76' lang='lat' dir='ltr'>esset</span> <span class='ocrx_word' id='word_1_374' title='bbox 1350 1683 1493 1723; x_wconf 81' lang='lat' dir='ltr'>gelio&#39;re,</span> <span class='ocrx_word' id='word_1_375' title='bbox 1516 1694 1542 1715; x_wconf 86' lang='lat' dir='ltr'>S.</span> <span class='ocrx_word' id='word_1_376' title='bbox 1567 1683 1621 1723; x_wconf 89' lang='lat'>31,</span> <span class='ocrx_word' id='word_1_377' title='bbox 1642 1684 1669 1726; x_wconf 88' lang='lat'>7,</span> 
     </span>
     <span class='ocr_line' id='line_1_57' title="bbox 999 1726 1670 1771; baseline 0.006 -15"><span class='ocrx_word' id='word_1_378' title='bbox 999 1726 1035 1757; x_wconf 83' lang='lat'>9:</span> <span class='ocrx_word' id='word_1_379' title='bbox 1061 1728 1201 1758; x_wconf 78' lang='lat' dir='ltr'>minima</span> <span class='ocrx_word' id='word_1_380' title='bbox 1224 1729 1375 1759; x_wconf 75' lang='lat' dir='ltr'>accessio</span> <span class='ocrx_word' id='word_1_381' title='bbox 1392 1738 1526 1771; x_wconf 83' lang='lat' dir='ltr'>semper</span> <span class='ocrx_word' id='word_1_382' title='bbox 1542 1727 1670 1771; x_wconf 78' lang='lat' dir='ltr'>Epirus</span> 
     </span>
     <span class='ocr_line' id='line_1_58' title="bbox 997 1771 1668 1816; baseline 0.003 -14"><span class='ocrx_word' id='word_1_383' title='bbox 997 1781 1105 1813; x_wconf 77' lang='lat' dir='ltr'>regno</span> <span class='ocrx_word' id='word_1_384' title='bbox 1129 1771 1349 1804; x_wconf 70' lang='lat' dir='ltr'>Macedoniae</span> <span class='ocrx_word' id='word_1_385' title='bbox 1361 1774 1457 1814; x_wconf 76' lang='lat' dir='ltr'>suit,</span> <span class='ocrx_word' id='word_1_386' title='bbox 1482 1773 1547 1814; x_wconf 82' lang='lat' dir='ltr'>vgl‚</span> <span class='ocrx_word' id='word_1_387' title='bbox 1567 1773 1620 1813; x_wconf 88' lang='grc'>36,</span> <span class='ocrx_word' id='word_1_388' title='bbox 1641 1774 1668 1816; x_wconf 83' lang='grc'>7,</span> 
     </span>
     <span class='ocr_line' id='line_1_59' title="bbox 998 1815 1667 1861; baseline 0.004 -15"><span class='ocrx_word' id='word_1_389' title='bbox 998 1815 1037 1847; x_wconf 81' lang='lat'>6:</span> <span class='ocrx_word' id='word_1_390' title='bbox 1054 1819 1201 1848; x_wconf 76' lang='lat' dir='ltr'>accessio</span> <span class='ocrx_word' id='word_1_391' title='bbox 1219 1817 1273 1849; x_wconf 88' lang='lat' dir='ltr'>aa&#39;.</span> <span class='ocrx_word' id='word_1_392' title='bbox 1290 1835 1334 1840; x_wconf 85' lang='lat'>—</span> <span class='ocrx_word' id='word_1_393' title='bbox 1351 1820 1504 1857; x_wconf 73' lang='lat' dir='ltr'>ree&#39;eeret,</span> <span class='ocrx_word' id='word_1_394' title='bbox 1523 1828 1550 1849; x_wconf 90' lang='lat' dir='ltr'>s.</span> <span class='ocrx_word' id='word_1_395' title='bbox 1570 1819 1600 1858; x_wconf 88' lang='grc'>5,</span> <span class='ocrx_word' id='word_1_396' title='bbox 1616 1818 1667 1861; x_wconf 88' lang='grc'>22,</span> 
     </span>
     <span class='ocr_line' id='line_1_60' title="bbox 1001 1861 1666 1905; baseline 0.006 -14"><span class='ocrx_word' id='word_1_397' title='bbox 1001 1861 1030 1892; x_wconf 92' lang='lat'>1.</span> <span class='ocrx_word' id='word_1_398' title='bbox 1051 1880 1094 1884; x_wconf 88' lang='lat'><strong>—</strong></span> <span class='ocrx_word' id='word_1_399' title='bbox 1117 1864 1275 1905; x_wconf 68' lang='lat' dir='ltr'>euplii-is,</span> <span class='ocrx_word' id='word_1_400' title='bbox 1306 1863 1371 1894; x_wconf 90' lang='lat' dir='ltr'>und</span> <span class='ocrx_word' id='word_1_401' title='bbox 1397 1863 1582 1904; x_wconf 86' lang='lat' dir='ltr'>iibcrhaupt</span> <span class='ocrx_word' id='word_1_402' title='bbox 1605 1864 1666 1895; x_wconf 87' lang='lat' dir='ltr'>den</span> 
     </span>
     <span class='ocr_line' id='line_1_61' title="bbox 998 1904 1667 1950; baseline 0.003 -13"><span class='ocrx_word' id='word_1_403' title='bbox 998 1904 1230 1946; x_wconf 83' lang='lat' dir='ltr'>Gefangenen,</span> <span class='ocrx_word' id='word_1_404' title='bbox 1255 1909 1388 1946; x_wconf 76' lang='lat' dir='ltr'>ceteris,</span> <span class='ocrx_word' id='word_1_405' title='bbox 1407 1918 1476 1939; x_wconf 88' lang='lat' dir='ltr'>was</span> <span class='ocrx_word' id='word_1_406' title='bbox 1491 1908 1512 1950; x_wconf 63' lang='grc' dir='ltr'>ξ</span> <span class='ocrx_word' id='word_1_407' title='bbox 1531 1908 1570 1939; x_wconf 89' lang='grc'>21</span> <span class='ocrx_word' id='word_1_408' title='bbox 1593 1909 1667 1939; x_wconf 87' lang='lat' dir='ltr'>hin-</span> 
     </span>
     <span class='ocr_line' id='line_1_62' title="bbox 996 1950 1665 1994; baseline 0.003 -12"><span class='ocrx_word' id='word_1_409' title='bbox 996 1950 1157 1992; x_wconf 73' lang='lat' dir='ltr'>zugeffigt</span> <span class='ocrx_word' id='word_1_410' title='bbox 1188 1953 1251 1993; x_wconf 85' lang='lat' dir='ltr'>ist,</span> <span class='ocrx_word' id='word_1_411' title='bbox 1279 1953 1403 1984; x_wconf 84' lang='lat' dir='ltr'>konnte</span> <span class='ocrx_word' id='word_1_412' title='bbox 1438 1953 1510 1984; x_wconf 88' lang='lat' dir='ltr'>hier</span> <span class='ocrx_word' id='word_1_413' title='bbox 1542 1952 1665 1994; x_wconf 86' lang='lat' dir='ltr'>fehlen,</span> 
     </span>
     <span class='ocr_line' id='line_1_63' title="bbox 996 1996 1665 2037; baseline 0.004 -10"><span class='ocrx_word' id='word_1_414' title='bbox 996 2006 1022 2027; x_wconf 91' lang='lat' dir='ltr'>s.</span> <span class='ocrx_word' id='word_1_415' title='bbox 1048 1996 1102 2036; x_wconf 84' lang='lat'>21,</span> <span class='ocrx_word' id='word_1_416' title='bbox 1127 1997 1181 2035; x_wconf 75' lang='lat'>54,</span> <span class='ocrx_word' id='word_1_417' title='bbox 1206 1998 1237 2037; x_wconf 86' lang='lat'>5,</span> <span class='ocrx_word' id='word_1_418' title='bbox 1262 1998 1446 2029; x_wconf 87' lang='lat' dir='ltr'>besonders</span> <span class='ocrx_word' id='word_1_419' title='bbox 1471 1999 1510 2030; x_wconf 87' lang='lat' dir='ltr'>da</span> <span class='ocrx_word' id='word_1_420' title='bbox 1535 2001 1665 2030; x_wconf 76' lang='lat' dir='ltr'>ceteras</span> 
     </span>
     <span class='ocr_line' id='line_1_64' title="bbox 994 2041 1659 2086; baseline 0.005 -15"><span class='ocrx_word' id='word_1_421' title='bbox 994 2042 1142 2081; x_wconf 82' lang='lat' dir='ltr'>sogleich</span> <span class='ocrx_word' id='word_1_422' title='bbox 1166 2041 1261 2082; x_wconf 82' lang='lat' dir='ltr'>folgt.</span> <span class='ocrx_word' id='word_1_423' title='bbox 1278 2061 1322 2066; x_wconf 88' lang='lat'>—</span> <span class='ocrx_word' id='word_1_424' title='bbox 1337 2043 1487 2086; x_wconf 82' lang='lat' dir='ltr'>praesid.</span> <span class='ocrx_word' id='word_1_425' title='bbox 1504 2053 1577 2084; x_wconf 73' lang='lat' dir='ltr'>reg.</span> <span class='ocrx_word' id='word_1_426' title='bbox 1596 2044 1659 2075; x_wconf 85' lang='lat' dir='ltr'>wie</span> 
     </span>
     <span class='ocr_line' id='line_1_65' title="bbox 993 2086 1145 2128; baseline 0.007 -11"><span class='ocrx_word' id='word_1_427' title='bbox 993 2096 1021 2117; x_wconf 91' lang='lat' dir='ltr'>c.</span> <span class='ocrx_word' id='word_1_428' title='bbox 1043 2086 1097 2128; x_wconf 90' lang='grc'>11,</span> <span class='ocrx_word' id='word_1_429' title='bbox 1114 2086 1145 2118; x_wconf 90' lang='grc'>2.</span> 
     </span>
    </p>
   </div>
   <div class='ocr_carea' id='block_1_10' title="bbox 989 2146 1664 2509">
    <p class='ocr_par' dir='ltr' id='par_1_11' title="bbox 989 2146 1664 2509">
     <span class='ocr_line' id='line_1_66' title="bbox 1041 2146 1664 2196; baseline 0.005 -12"><span class='ocrx_word' id='word_1_430' title='bbox 1041 2146 1107 2184; x_wconf 82' lang='grc'>13.</span> <span class='ocrx_word' id='word_1_431' title='bbox 1137 2153 1245 2185; x_wconf 87' lang='grc'>1-2.</span> <span class='ocrx_word' id='word_1_432' title='bbox 1269 2165 1372 2196; x_wconf 72' lang='lat' dir='ltr'>grex,</span> <span class='ocrx_word' id='word_1_433' title='bbox 1391 2155 1444 2187; x_wconf 82' lang='lat' dir='ltr'>die</span> <span class='ocrx_word' id='word_1_434' title='bbox 1463 2155 1588 2187; x_wconf 86' lang='lat' dir='ltr'>Schaar</span> <span class='ocrx_word' id='word_1_435' title='bbox 1604 2155 1664 2187; x_wconf 89' lang='lat' dir='ltr'>der</span> 
     </span>
     <span class='ocr_line' id='line_1_67' title="bbox 992 2197 1664 2239; baseline 0.004 -11"><span class='ocrx_word' id='word_1_436' title='bbox 992 2197 1159 2238; x_wconf 75' lang='lat' dir='ltr'>Ho&#39;ssinge,</span> <span class='ocrx_word' id='word_1_437' title='bbox 1196 2199 1261 2239; x_wconf 83' lang='lat' dir='ltr'>vgl.</span> <span class='ocrx_word' id='word_1_438' title='bbox 1292 2199 1383 2231; x_wconf 86' lang='lat' dir='ltr'>Curt.</span> <span class='ocrx_word' id='word_1_439' title='bbox 1416 2200 1446 2238; x_wconf 89' lang='lat'>3,</span> <span class='ocrx_word' id='word_1_440' title='bbox 1477 2200 1508 2239; x_wconf 79' lang='lat'>8,</span> <span class='ocrx_word' id='word_1_441' title='bbox 1538 2199 1592 2232; x_wconf 87' lang='lat'>23.</span> <span class='ocrx_word' id='word_1_442' title='bbox 1622 2218 1664 2224; x_wconf 86' lang='lat'>——</span> 
     </span>
     <span class='ocr_line' id='line_1_68' title="bbox 992 2244 1661 2286; baseline 0.004 -12"><span class='ocrx_word' id='word_1_443' title='bbox 992 2246 1152 2284; x_wconf 78' lang='lat' dir='ltr'>quantum</span> <span class='ocrx_word' id='word_1_444' title='bbox 1164 2247 1360 2286; x_wconf 34' lang='lat' dir='ltr'>*posci-at,</span> <span class='ocrx_word' id='word_1_445' title='bbox 1376 2256 1402 2276; x_wconf 89' lang='lat' dir='ltr'>s.</span> <span class='ocrx_word' id='word_1_446' title='bbox 1420 2244 1456 2276; x_wconf 90' lang='lat' dir='ltr'>Z.</span> <span class='ocrx_word' id='word_1_447' title='bbox 1472 2244 1565 2286; x_wconf 77' lang='lat'>§559</span> <span class='ocrx_word' id='word_1_448' title='bbox 1578 2255 1607 2277; x_wconf 88' lang='lat' dir='ltr'>a.</span> <span class='ocrx_word' id='word_1_449' title='bbox 1624 2245 1661 2277; x_wconf 86' lang='lat' dir='ltr'>E.</span> 
     </span>
     <span class='ocr_line' id='line_1_69' title="bbox 992 2290 1661 2331; baseline 0.003 -12"><span class='ocrx_word' id='word_1_450' title='bbox 992 2290 1169 2329; x_wconf 81' lang='lat' dir='ltr'>—l&#39;amae</span> <span class='ocrx_word' id='word_1_451' title='bbox 1189 2301 1245 2330; x_wconf 63' lang='lat'>32,</span> <span class='ocrx_word' id='word_1_452' title='bbox 1271 2300 1296 2321; x_wconf 89' lang='lat' dir='ltr'>s.</span> <span class='ocrx_word' id='word_1_453' title='bbox 1322 2290 1375 2329; x_wconf 85' lang='lat'>21,</span> <span class='ocrx_word' id='word_1_454' title='bbox 1400 2290 1451 2331; x_wconf 77' lang='lat'>28,</span> <span class='ocrx_word' id='word_1_455' title='bbox 1472 2293 1502 2329; x_wconf 88' lang='lat'>2,</span> <span class='ocrx_word' id='word_1_456' title='bbox 1522 2290 1588 2330; x_wconf 77' lang='lat' dir='ltr'>vgl.</span> <span class='ocrx_word' id='word_1_457' title='bbox 1608 2290 1661 2328; x_wconf 86' lang='lat'>31,</span> 
     </span>
     <span class='ocr_line' id='line_1_70' title="bbox 993 2333 1663 2375; baseline 0.004 -12"><span class='ocrx_word' id='word_1_458' title='bbox 993 2333 1020 2373; x_wconf 92' lang='lat'>1,</span> <span class='ocrx_word' id='word_1_459' title='bbox 1040 2334 1070 2366; x_wconf 86' lang='grc'>7.</span> <span class='ocrx_word' id='word_1_460' title='bbox 1084 2352 1127 2356; x_wconf 91' lang='lat'>——</span> <span class='ocrx_word' id='word_1_461' title='bbox 1141 2335 1297 2375; x_wconf 60' lang='lat' dir='ltr'>augendo</span> <span class='ocrx_word' id='word_1_462' title='bbox 1314 2335 1399 2366; x_wconf 88' lang='lat' dir='ltr'>kann</span> <span class='ocrx_word' id='word_1_463' title='bbox 1418 2336 1483 2366; x_wconf 87' lang='lat' dir='ltr'>abl.</span> <span class='ocrx_word' id='word_1_464' title='bbox 1500 2337 1581 2372; x_wconf 91' lang='lat' dir='ltr'>scin,</span> <span class='ocrx_word' id='word_1_465' title='bbox 1596 2334 1663 2367; x_wconf 79' lang='lat' dir='ltr'>fast</span> 
     </span>
     <span class='ocr_line' id='line_1_71' title="bbox 989 2379 1660 2421; baseline 0.003 -13"><span class='ocrx_word' id='word_1_466' title='bbox 989 2379 1095 2417; x_wconf 60' lang='lat' dir='ltr'>glzdch</span> <span class='ocrx_word' id='word_1_467' title='bbox 1114 2383 1298 2421; x_wconf 68' lang='lat' dir='ltr'>aug-eules,</span> <span class='ocrx_word' id='word_1_468' title='bbox 1323 2391 1349 2410; x_wconf 90' lang='lat' dir='ltr'>s.</span> <span class='ocrx_word' id='word_1_469' title='bbox 1368 2391 1395 2412; x_wconf 90' lang='lat' dir='ltr'>c.</span> <span class='ocrx_word' id='word_1_470' title='bbox 1415 2380 1467 2419; x_wconf 71' lang='lat'>23,</span> <span class='ocrx_word' id='word_1_471' title='bbox 1487 2381 1524 2418; x_wconf 75' lang='lat'>43</span> <span class='ocrx_word' id='word_1_472' title='bbox 1551 2379 1604 2418; x_wconf 72' lang='lat'>34,</span> <span class='ocrx_word' id='word_1_473' title='bbox 1623 2381 1660 2418; x_wconf 83' lang='lat'>53</span> 
     </span>
     <span class='ocr_line' id='line_1_72' title="bbox 993 2423 1659 2465; baseline 0.002 -12"><span class='ocrx_word' id='word_1_474' title='bbox 993 2423 1042 2463; x_wconf 84' lang='lat'>10,</span> <span class='ocrx_word' id='word_1_475' title='bbox 1061 2435 1089 2454; x_wconf 94' lang='lat' dir='ltr'>u.</span> <span class='ocrx_word' id='word_1_476' title='bbox 1111 2425 1168 2463; x_wconf 79' lang='lat' dir='ltr'>ol&#39;t,</span> <span class='ocrx_word' id='word_1_477' title='bbox 1190 2425 1254 2463; x_wconf 69' lang='lat' dir='ltr'>vgl.</span> <span class='ocrx_word' id='word_1_478' title='bbox 1272 2424 1308 2464; x_wconf 91' lang='lat'>2,</span> <span class='ocrx_word' id='word_1_479' title='bbox 1326 2425 1378 2465; x_wconf 82' lang='lat'>33,</span> <span class='ocrx_word' id='word_1_480' title='bbox 1397 2426 1427 2463; x_wconf 89' lang='grc'>4,</span> <span class='ocrx_word' id='word_1_481' title='bbox 1448 2425 1528 2455; x_wconf 81' lang='lat' dir='ltr'>oder</span> <span class='ocrx_word' id='word_1_482' title='bbox 1547 2425 1659 2462; x_wconf 79' lang='lat' dir='ltr'>Dativ3</span> 
     </span>
     <span class='ocr_line' id='line_1_73' title="bbox 989 2468 1659 2509; baseline 0.003 -10"><span class='ocrx_word' id='word_1_483' title='bbox 989 2469 1162 2500; x_wconf 83' lang='lat' dir='ltr'>zurSuchc</span> <span class='ocrx_word' id='word_1_484' title='bbox 1172 2470 1251 2500; x_wconf 83' lang='lat' dir='ltr'>Sall.</span> <span class='ocrx_word' id='word_1_485' title='bbox 1268 2468 1291 2501; x_wconf 87' lang='lat' dir='ltr'>l.</span> <span class='ocrx_word' id='word_1_486' title='bbox 1303 2469 1355 2509; x_wconf 71' lang='lat'>53,</span> <span class='ocrx_word' id='word_1_487' title='bbox 1373 2470 1412 2508; x_wconf 78' lang='lat'>83</span> <span class='ocrx_word' id='word_1_488' title='bbox 1428 2469 1595 2508; x_wconf 78' lang='lat' dir='ltr'>Tac.Agr.</span> <span class='ocrx_word' id='word_1_489' title='bbox 1607 2469 1659 2501; x_wconf 75' lang='lat'>25.</span> 
     </span>
    </p>
   </div>
   <div class='ocr_carea' id='block_1_11' title="bbox 984 2533 1659 2707">
    <p class='ocr_par' dir='ltr' id='par_1_12' title="bbox 984 2533 1659 2707">
     <span class='ocr_line' id='line_1_74' title="bbox 1034 2533 1659 2573; baseline 0 -9"><span class='ocrx_word' id='word_1_490' title='bbox 1034 2533 1144 2566; x_wconf 81' lang='lat'>3—7.</span> <span class='ocrx_word' id='word_1_491' title='bbox 1173 2537 1303 2565; x_wconf 78' lang='lat' dir='ltr'>{aulum</span> <span class='ocrx_word' id='word_1_492' title='bbox 1322 2534 1422 2565; x_wconf 83' lang='lat' dir='ltr'>durch</span> <span class='ocrx_word' id='word_1_493' title='bbox 1438 2534 1488 2564; x_wconf 87' lang='lat' dir='ltr'>dic</span> <span class='ocrx_word' id='word_1_494' title='bbox 1503 2533 1659 2573; x_wconf 80' lang='lat' dir='ltr'>Stellung</span> 
     </span>
     <span class='ocr_line' id='line_1_75' title="bbox 985 2578 1658 2620; baseline -0.001 -11"><span class='ocrx_word' id='word_1_495' title='bbox 985 2580 1144 2617; x_wconf 74' lang='lat' dir='ltr'>gchoben.</span> <span class='ocrx_word' id='word_1_496' title='bbox 1171 2597 1213 2602; x_wconf 92' lang='lat'>—-</span> <span class='ocrx_word' id='word_1_497' title='bbox 1236 2580 1334 2610; x_wconf 73' lang='lat' dir='ltr'>(luuh.</span> <span class='ocrx_word' id='word_1_498' title='bbox 1366 2580 1492 2620; x_wconf 81' lang='lat' dir='ltr'>qut&#39;uq.,</span> <span class='ocrx_word' id='word_1_499' title='bbox 1523 2578 1575 2616; x_wconf 70' lang='lat'>23,</span> <span class='ocrx_word' id='word_1_500' title='bbox 1607 2579 1658 2620; x_wconf 80' lang='lat'>17,</span> 
     </span>
     <span class='ocr_line' id='line_1_76' title="bbox 989 2622 1653 2666; baseline -0.002 -13"><span class='ocrx_word' id='word_1_501' title='bbox 989 2625 1039 2654; x_wconf 77' lang='lat'>12.</span> <span class='ocrx_word' id='word_1_502' title='bbox 1059 2626 1151 2655; x_wconf 76' lang='lat' dir='ltr'>—7&#39;u</span> <span class='ocrx_word' id='word_1_503' title='bbox 1177 2628 1246 2666; x_wconf 77' lang='lat' dir='ltr'>pol.</span> <span class='ocrx_word' id='word_1_504' title='bbox 1277 2626 1360 2654; x_wconf 83' lang='lat' dir='ltr'>olmc</span> <span class='ocrx_word' id='word_1_505' title='bbox 1391 2634 1465 2661; x_wconf 79' lang='lat' dir='ltr'>sua,</span> <span class='ocrx_word' id='word_1_506' title='bbox 1496 2633 1524 2653; x_wconf 90' lang='lat' dir='ltr'>s.</span> <span class='ocrx_word' id='word_1_507' title='bbox 1551 2622 1580 2660; x_wconf 85' lang='lat'>8,</span> <span class='ocrx_word' id='word_1_508' title='bbox 1604 2622 1653 2661; x_wconf 83' lang='lat'>15,</span> 
     </span>
     <span class='ocr_line' id='line_1_77' title="bbox 984 2667 1653 2707; baseline -0.003 -8"><span class='ocrx_word' id='word_1_509' title='bbox 984 2668 1015 2699; x_wconf 90' lang='grc'>8.</span> <span class='ocrx_word' id='word_1_510' title='bbox 1034 2687 1075 2691; x_wconf 84' lang='grc'>-</span> <span class='ocrx_word' id='word_1_511' title='bbox 1094 2670 1216 2701; x_wconf 62' lang='lat' dir='ltr'>laos-liis</span> <span class='ocrx_word' id='word_1_512' title='bbox 1233 2672 1353 2707; x_wconf 57' lang='lat' dir='ltr'>mach,</span> <span class='ocrx_word' id='word_1_513' title='bbox 1371 2669 1472 2699; x_wconf 87' lang='lat' dir='ltr'>durch</span> <span class='ocrx_word' id='word_1_514' title='bbox 1490 2668 1542 2698; x_wconf 91' lang='lat' dir='ltr'>dic</span> <span class='ocrx_word' id='word_1_515' title='bbox 1560 2667 1653 2698; x_wconf 83' lang='lat' dir='ltr'>dubei</span> 
     </span>
    </p>
   </div>
   <div class='ocr_carea' id='block_1_12' title="bbox 1704 855 1744 887">
    <p class='ocr_par' dir='ltr' id='par_1_13' title="bbox 1704 855 1744 887">
     <span class='ocr_line' id='line_1_78' title="bbox 1704 855 1744 887; baseline 0 0"><span class='ocrx_word' id='word_1_516' title='bbox 1704 855 1744 887; x_wconf 89' lang='grc'>10</span> 
     </span>
    </p>
   </div>
   <div class='ocr_carea' id='block_1_13' title="bbox 1706 1134 1747 1166">
    <p class='ocr_par' dir='ltr' id='par_1_14' title="bbox 1706 1134 1747 1166">
     <span class='ocr_line' id='line_1_79' title="bbox 1706 1134 1747 1166; baseline 0 0"><span class='ocrx_word' id='word_1_517' title='bbox 1706 1134 1747 1166; x_wconf 88' lang='grc'>15</span> 
     </span>
    </p>
   </div>
  </div>
 </body>
</html>
