1784 2967
75 832 123 863 -10

86 1112 124 1143 15

150 234 176 252 a.
199 226 251 252 ch.
267 226 330 251 206.
600 212 726 246 LIBER
750 212 906 246 xxvllk
954 214 1047 246 CAP.
1077 214 1127 246 19.

1472 215 1548 254 169

152 317 400 358 Castulonem
419 315 724 368 oppugnandum
737 314 873 363 mittit3
889 316 972 366 ipse
985 328 1072 355 cum
1087 320 1213 355 cetero
1227 316 1394 355 exercitu
1408 316 1550 368 quintis

149 375 272 414 ferme
293 374 338 412 ad
360 373 531 424 Iliturgin
555 371 688 412 castris
709 371 893 423 pervenit.
935 372 1085 411 clausae
1108 377 1217 412 erant
1231 377 1381 424 portae,
1399 373 1547 412 omnia-

150 443 223 482 que
243 430 432 469 instructa
454 434 491 468 et
511 433 641 481 parata
662 428 709 467 ad
731 429 1060 479 oppugnationem
1083 429 1307 468 arcendam:
1338 428 1432 468 adeo
1456 440 1551 468 con-

150 486 325 533 scientia,
358 485 448 537 quid
479 498 520 524 se
551 484 710 523 meritos
741 484 902 531 scirent,
933 497 1005 536 pro
1033 484 1177 524 indicto
1205 486 1259 524 eis
1288 485 1384 524 bello
1410 486 1548 525 fuerat.

151 543 244 582 hinc
265 547 302 581 et
327 542 473 581 hortari
495 541 635 580 milites
658 540 787 591 Scipio
810 553 924 579 orsus
945 546 1020 579 est:
1052 541 1161 591 ipsos
1184 541 1394 580 claudendo
1415 547 1548 593 portas

151 600 341 638 indicasse
360 599 570 649 Hispanos,
592 596 681 648 quid
703 602 746 636 ut
765 597 948 636 timerent
967 597 1090 636 meriti
1113 602 1261 645 essent,
1282 597 1410 648 itaque
1431 598 1552 637 multo

152 654 415 695 infestioribus
441 654 580 693 animis
610 666 695 692 cum
723 654 778 692 eis
807 666 920 704 quam
952 666 1040 692 cum
1062 653 1443 704 Carthaginiensibus
1473 654 1553 693 bel-

151 712 231 751 lum
258 711 467 761 gerendum
497 722 601 749 esse:
632 709 776 761 quippe
798 723 885 749 cum
907 710 978 749 illis
1000 722 1123 761 prope
1145 711 1228 749 sine
1248 710 1301 748 ira
1324 710 1370 748 de
1391 710 1553 761 imperio

153 773 190 807 et
209 767 328 818 gloria
349 767 499 812 certari,
521 766 648 806 ab.·his
669 766 852 817 perfidiae
873 772 910 805 et
931 767 1165 805 crudelitatis
1183 771 1220 805 et
1236 766 1389 805 sceleris
1408 778 1554 817 poenas

153 823 385 875 expetendas
414 836 512 862 esse.
559 823 711 862 venisse
740 827 913 873 tempus,
937 835 1012 874 quo
1035 827 1072 861 et
1093 823 1296 862 nefandam
1319 822 1554 862 commilito—

152 892 245 919 num
261 878 409 918 necem
434 884 471 918 et
498 879 537 918 in
566 884 687 918 semet
707 879 834 930 ipsos,
864 879 896 918 si
918 879 1053 918 eodem
1075 879 1165 930 fuga
1186 879 1297 918 delati
1318 879 1465 925 forent,
1494 879 1550 918 in-

152 941 336 975 structam
363 935 538 974 fraudem
562 936 856 982 ulciscerentur,
879 940 917 974 et
936 935 975 974 in
998 946 1114 974 omne
1134 941 1289 986 tempus
1312 935 1412 986 gravi
1435 936 1556 974 docu-

153 997 283 1032 mento
301 991 506 1039 sancirent,
529 1004 576 1031 ne
597 992 685 1043 quis
706 1004 890 1042 umquam
913 991 1134 1030 Romanum
1157 991 1276 1030 civem
1293 991 1499 1030 militemve
1519 992 1557 1030 in

154 1049 225 1088 ulla
246 1048 402 1087 fortuna
435 1053 701 1099 opportunum
724 1049 884 1087 iniuriae
905 1048 1073 1087 duceret.
1124 1047 1170 1086 ab
1196 1048 1268 1086 hac
1289 1047 1559 1086 cohortatione

146 1105 262 1144 -ducis
283 1104 428 1143 incitati
456 1105 577 1144 scalas
600 1105 728 1143 electis
751 1117 819 1155 per
839 1104 1062 1155 manipulos
1083 1104 1172 1142 viris
1196 1103 1388 1151 dividunt,
1417 1104 1558 1154 partito

154 1161 322 1200 exercitu
344 1161 406 1205 ita,
430 1166 472 1200 ut
487 1161 585 1212 parti
601 1161 706 1200 alteri
723 1161 872 1200 Laelius
891 1165 1085 1211 praeesset
1101 1160 1259 1211 legatus,
1275 1160 1428 1198 duobus
1446 1159 1561 1199 simul

153 1218 248 1257 locis
278 1217 434 1267 ancipiti
463 1222 612 1256 terrore
641 1217 778 1256 urbem
809 1217 1096 1267 adgrediuntur.
1148 1228 1229 1255 non
1262 1217 1337 1255 dux
1364 1228 1467 1255 unus
1496 1220 1561 1255 aut

1579 379 1598 410 5

1578 548 1608 580 6,

1591 1223 1630 1255 10

154 1275 283 1324 plures
305 1273 500 1324 principes
519 1274 751 1324 oppidanos,
770 1273 836 1312 sed
854 1286 947 1312 suus
964 1274 1142 1325 ipsorum
1161 1285 1210 1311 ew
1226 1273 1460 1311 conscientia
1479 1272 1560 1312 cul·
1614 1310 1616 1312 .

150 1421 240 1462 jetzt
256 1420 347 1460 aber,
362 1429 388 1451 s.
405 1419 457 1459 26,
477 1419 525 1460 10,
541 1420 570 1451 7.
585 1438 628 1442 —
641 1422 767 1462 quintis
782 1430 820 1461 c.,

893 1419 1386 1460 rhetorischeUebertreibung,
1400 1420 1481 1450 doch
1491 1428 1561 1450 we-

153 1476 217 1496 von
235 1464 398 1505 Carthago
423 1475 506 1496 nova
531 1475 602 1497 aus.
618 1483 664 1487 ——
679 1465 725 1497 ad
740 1465 820 1505 llic,

893 1466 987 1505 niger
1000 1465 1041 1496 im
1056 1464 1176 1496 Munde
1189 1465 1328 1506 Scipios,
1344 1475 1370 1495 s.
1381 1464 1561 1496 Mommsen

154 1511 256 1541 durch
284 1511 335 1541 die
359 1510 514 1551 Stellung
538 1510 709 1551 gehoben,
740 1510 821 1542 iiber

154 1556 205 1587 die
223 1555 322 1587 Form
340 1554 376 1587 Z.
394 1554 415 1597 ξ
434 1554 486 1586 71.

199 1601 229 1632 5.
275 1601 479 1633 conscientia
510 1618 554 1623 —
582 1602 722 1640 scirent,
763 1600 821 1631 das

154 1646 234 1677 biise
250 1644 434 1687 Gewissen,
448 1645 498 1676 als
510 1644 822 1684 Gemiithszustand‚

154 1691 284 1722 scirent
321 1691 379 1721 das
421 1690 532 1721 blosse
566 1690 721 1727 Wissen,
764 1691 822 1721 das

156 1735 314 1766 Letztere
342 1735 425 1765 wird
455 1735 486 1765 in
516 1735 627 1774 Bezug
654 1733 755 1776 auf§
786 1734 821 1766 6:

155 1779 324 1812 indlcasse
335 1779 495 1819 gehoben,
513 1780 739 1810 sonstkiinnte
750 1789 821 1810 man

156 1829 240 1856 stntt
263 1825 320 1856 des
335 1824 599 1864 tautologischen
619 1824 823 1864 Ausdrucks,

157 1881 220 1901 von
237 1870 309 1901 dem
325 1870 392 1901 sich
402 1869 521 1910 jedoch
531 1869 719 1900 heihaueh
729 1873 824 1900 sonst

157 1915 320 1957 Beispiele
344 1914 467 1952 finden,
499 1925 524 1945 s.
551 1913 604 1955 30,
628 1913 681 1953 27,
706 1915 744 1952 53
770 1914 822 1952 24,

158 1959 212 1999 22,
237 1961 273 1999 9;
304 1960 334 1998 2,
359 1959 413 1997 24,
438 1959 457 1990 6
477 1970 508 1991 u.
532 1969 572 2001 a.‚
603 1959 686 2001 quid
711 1959 826 1991 meriti

157 2008 272 2037 essent
298 2005 362 2035 wie
391 2003 411 2046 ξ
441 2004 477 2043 6,
512 2005 593 2035 oder
621 2004 738 2047 culpae
763 2004 824 2035 wie

158 2049 178 2092 ξ
197 2050 236 2081 10
250 2054 429 2081 erwarten.
460 2048 618 2089 Zugleich
634 2050 677 2080 ist
691 2050 741 2080 die
756 2048 826 2080 Ab-

158 2095 351 2136 h'tingigkeit
363 2096 421 2126 des
435 2095 614 2126 indirecten
626 2094 826 2134 Fragsatzes

158 2138 222 2171 von
253 2141 356 2171 einem
384 2140 514 2171 blossen
545 2139 670 2172 Nomen
698 2150 738 2170 zu
768 2139 826 2170 ben

159 2186 295 2224 achten,
314 2195 341 2217 s.
360 2185 389 2226 7,
411 2184 461 2225 12,
481 2186 515 2215 2:
540 2186 693 2224 inscitia,
711 2186 768 2226 qui
783 2201 827 2207 —-

160 2229 390 2268 advenissent,
421 2229 451 2268 3,
476 2229 528 2267 60,
551 2229 586 2260 ὃς
623 2230 827 2261 conscientia

163 2294 204 2297 ---
222 2274 302 2316 quid
313 2276 444 2305 abesset
458 2276 591 2313 virium,
609 2285 661 2305 wo
675 2275 755 2305 aber
769 2275 827 2308 der

162 2319 254 2360 Abi„
279 2329 305 2350 s.
325 2318 383 2358 25,
403 2319 455 2356 26,
475 2319 504 2356 2,
524 2320 575 2350 die
593 2319 825 2351 Construction

163 2365 367 2396 erleichtcrt.
391 2382 434 2386 ——-
453 2374 516 2406 pro
532 2363 622 2402 ind,
645 2365 714 2404 galt
732 2365 825 2395 ihnen

164 2420 200 2441 so
219 2409 297 2446 viel,
315 2410 366 2440 als
384 2419 479 2439 wenn
499 2419 529 2439 u.
549 2419 574 2440 s.
592 2419 630 2439 w.

210 2454 319 2487 6-8.
350 2455 440 2494 hinc,
465 2464 527 2484 von
554 2454 675 2485 diesem
701 2453 828 2485 Punkte

163 2500 362 2540 ausgehend.
387 2518 428 2521 ——
452 2499 532 2540 qaid
558 2502 596 2530 ut
617 2500 736 2539 gehon-t
760 2499 830 2529 hier

166 2546 255 2577 nicht
278 2556 313 2576 so
343 2555 528 2575 zusammen
554 2545 616 2575 wie
640 2544 671 2579 4,
696 2544 749 2580 49,
779 2544 829 2575 15.

165 2608 209 2613 —
225 2590 305 2630 iltis,
329 2590 404 2621 weil
429 2591 476 2620 sie
501 2590 619 2620 ortlich
645 2587 830 2620 entfernter

167 2636 256 2676 sind,
281 2635 319 2667 Z.
346 2634 367 2677 ξ
393 2635 651 2678 700.—-p1·opc
676 2636 749 2666 sine
765 2639 829 2665 etc.

897 1510 925 1549 1,
951 1509 1027 1541 656.
1048 1528 1092 1532 -—
1115 1509 1156 1541 de
1178 1512 1316 1553 imper.‚
1339 1520 1365 1541 s.
1385 1509 1439 1547 22,
1459 1508 1511 1549 58,
1531 1508 1560 1540 3.

894 1573 937 1578 —
959 1557 1067 1587 semet
1089 1556 1168 1595 geht
1198 1554 1257 1595 auf
1282 1555 1339 1586 das
1366 1553 1503 1594 Subject
1532 1554 1563 1585 in

883 1601 1020 1642 forent.
1049 1618 1094 1623 —
1114 1602 1317 1632 instructam
1339 1614 1385 1625 =
1406 1610 1490 1641 quae
1512 1600 1565 1630 in-

895 1648 1031 1677 structa
1059 1646 1213 1687 (sutura)
1235 1646 1374 1687 fuisset.
1399 1663 1444 1667 ——
1463 1645 1565 1686 gravi

896 1690 979 1731 doe,
1004 1690 1058 1729 21,
1080 1691 1129 1728 19,
1151 1691 1206 1721 10:
1231 1692 1367 1731 insigne
1383 1689 1564 1721 documen—

897 1738 986 1773 ἐατης
1011 1734 1065 1773 21,
1089 1735 1143 1774 34,
1162 1735 1197 1766 2:
1227 1735 1305 1766 utt'li
1320 1734 1490 1777 exemplo,
1505 1744 1566 1774 ge-

896 1780 1060 1811 wo’hnlich
1088 1790 1150 1810 nur
1178 1779 1376 1811 documento
1400 1780 1481 1810 oder
1504 1778 1564 1810 do—

896 1827 1086 1856 cumentum
1112 1825 1195 1855 ohne
1220 1824 1383 1862 Attribut,
1408 1834 1434 1855 s.
1460 1834 1487 1854 c.
1511 1823 1562 1865 42,

899 1870 934 1908 13
958 1869 1008 1907 115,
1023 1869 1074 1900 12.
1087 1887 1131 1891 —
1143 1871 1279 1907 sanein,
1294 1869 1344 1900 als
1361 1869 1567 1908 heiligesun-

895 1914 1166 1946 verbriichliches
1181 1914 1306 1946 Gesetz
1322 1914 1509 1945 hinstellen.
1521 1931 1566 1936 —

898 1962 1088 2003 opportun„
1103 1960 1364 1999 ausgesetztsei,
1380 1956 1567 1999 ungestraft

898 2005 1045 2036 verletzt
1062 2005 1196 2036 werden
1215 2004 1332 2044 kb'nne,
1351 2003 1404 2044 24,
1424 2004 1476 2045 37,
1494 2003 1526 2036 2.

946 2094 1079 2126 9—12.
1106 2096 1146 2125 ab
1175 2095 1207 2125 h.
1238 2105 1283 2136 c.,
1309 2094 1375 2134 vgl.
1400 2105 1427 2125 c.
1449 2093 1502 2133 33,
1530 2093 1564 2131 13

899 2138 953 2178 24,
980 2139 1031 2179 22,
1062 2139 1097 2170 6:
1126 2141 1166 2171 ab
1195 2140 1255 2170 Ιιαο
1287 2141 1440 2170 contione
1464 2139 1569 2179 legati

898 2186 998 2216 missi
1024 2187 1121 2223 sunt,
1152 2184 1205 2223 22,
1235 2183 1289 2223 40,
1319 2184 1356 2221 43
1387 2193 1426 2213 an
1461 2194 1491 2214 u.
1517 2183 1567 2214 St.

900 2230 1029 2260 scheint
1056 2231 1096 2260 ab
1125 2229 1274 2268 zuglcich
1306 2229 1366 2259 den
1389 2228 1500 2260 Grund
1525 2238 1567 2259 zu

899 2276 1030 2305 incitati
1051 2284 1091 2304 zu
1109 2274 1290 2309 enthnl'ten,
1309 2283 1336 2304 s.
1356 2284 1382 2304 e.
1400 2274 1430 2311 5,
1450 2274 1488 2310 43
1515 2272 1567 2313 30,

901 2319 932 2359 G,
961 2319 995 2355 1:,
1020 2319 1049 2357 5,
1075 2318 1125 2359 2³3,
1151 2320 1186 2349 7:
1216 2318 1451 2359 neglegentius
1471 2319 1511 2349 ab
1529 2328 1567 2349 re

901 2365 982 2396 bene
998 2367 1099 2405 gesta
1117 2366 1248 2395 martem
1266 2374 1295 2394 u.
1313 2374 1342 2395 a.
1360 2382 1402 2386 -——
1419 2373 1479 2406 per
1494 2373 1567 2394 ma-

899 2412 968 2452 m'p.
989 2410 1066 2439 nach
1088 2408 1264 2450 Manipeln,
1285 2418 1344 2439 aus
1363 2409 1467 2439 einum
1488 2409 1566 2439 nach

901 2455 972 2485 dem
990 2455 1124 2485 andern.
1144 2472 1183 2476 ——
1203 2453 1364 2491 (lividum,
1382 2454 1433 2484 die
1449 2451 1572 2485 Anffih-

902 2509 967 2530 rer.
989 2518 1027 2521 —v
1046 2501 1185 2542 partim,
1204 2499 1261 2529 dns
1277 2499 1469 2541 Asyndeton
1489 2499 1568 2529 ‹leu-

903 2549 952 2575 tct
981 2545 1032 2575 die
1064 2544 1240 2575 Raschheit
1271 2545 1330 2574 der
1359 2543 1568 2583 Aussiihrung

902 2599 952 2620 an.
972 2608 1013 2611 h
1032 2590 1194 2631 ipsorum,
1214 2600 1240 2619 s.
1256 2588 1307 2625 30,
1324 2589 1376 2626 20,
1392 2590 1429 2626 ὃς
1446 2590 1498 2627 41,
1514 2588 1567 2630 23,

902 2634 936 2664 8:
950 2636 1106 2666 nostram
1118 2635 1273 2677 ipsorum
1287 2634 1485 2675 libertatem,
1499 2634 1566 2675 vgl.
