1784 2967
49 838 89 869 10

123 232 149 250 a.
166 224 296 250 017.203.
577 215 706 247 LIBER
730 214 846 247 XXX.
895 215 988 248 CAP.
1019 216 1070 248 12.

1448 218 1527 258 349

121 330 236 370 quam
257 317 488 368 alienigenae
509 322 545 357 et
565 317 712 357 externi
738 317 856 356 fidem
878 319 1041 369 experiri
1063 319 1234 367 mallem3
1256 320 1345 371 quid
1369 320 1527 359 Cartha-

120 375 283 426 giniensi
304 374 349 413 ab
372 374 561 421 Romano,
583 374 672 425 quid
694 374 792 412 filiae
812 374 1062 414 Hasdrubalis
1082 376 1299 415 timendum
1321 376 1388 423 sit,
1410 376 1528 416 vides.

121 432 152 470 si
180 431 284 470 nulla
311 443 353 469 re
375 431 442 469 alia
465 437 597 482 potes,
626 435 752 469 morte
781 443 844 469 me
875 436 917 470 ut
946 432 1116 471 vindices
1137 445 1157 471 a
1179 433 1444 472 Romanorum
1467 445 1528 472 ar-

119 487 234 527 bitrio
259 500 328 526 oro
359 487 653 538 obtest01·que“.
695 487 823 526 forma
845 494 924 526 erat
939 488 1102 539 insignis
1121 494 1158 528 et
1173 489 1449 528 florentissima
1466 503 1528 529 ae-

119 550 196 584 tas:
220 544 345 595 itaque
362 557 450 582 cum
471 544 590 582 modo
610 556 747 595 qemun,
769 545 881 584 modo
905 545 1077 584 dextram
1095 546 1334 596 amplectens
1351 547 1389 584 in
1406 546 1457 591 id,
1479 558 1528 585 ne

121 601 181 640 cui
201 600 376 639 Romano
404 601 636 647 traderetur,
663 601 778 639 fidem
801 607 1039 652 exposceret,
1063 603 1303 653 propiusque
1323 602 1528 642 blanditias

121 656 242 696 oratio
266 661 369 695 esset
390 668 503 707 quam
527 669 674 708 preces,
698 658 834 696 nonin
856 658 1159 697 misericordiam
1182 659 1300 697 modo
1323 660 1529 710 prolapsus

119 720 179 753 est
206 714 357 752 animus
389 713 563 760 victoris,
595 715 674 760 sed,
701 720 744 753 ut
771 719 829 753 est
856 727 976 765 genus
999 715 1255 754 Numidarum
1284 715 1322 753 in
1348 715 1528 754 Venerem

117 782 320 822 praeceps,
348 781 480 808 amore
508 771 676 821 captivae
697 771 818 810 victor
840 776 987 823 captus.
1030 771 1114 810 data
1136 772 1266 810 dextra
1288 772 1327 810 in
1349 772 1400 818 id,
1424 773 1527 822 quod

117 827 330 878 petebatur,
351 826 577 877 obligandae
598 828 686 866 fidei
708 827 748 866 in
770 828 911 878 regiam
930 828 1116 866 concedit.
1148 835 1227 867 tam
1244 840 1334 867 vero
1352 836 1531 880 reputare

67 895 76 902 ·
116 896 247 922 secum
276 883 380 933 ipse,
410 896 523 934 quem
552 884 599 922 ad
630 884 789 922 modum
812 884 997 935 promissi
1019 884 1133 922 fidem
1156 889 1381 935 praestaret.
1425 885 1529 935 quod

48 1119 88 1151 15

117 952 205 979 cum
228 938 405 989 expedire
426 951 506 977 non
528 946 678 990 posset,
700 940 744 978 ab
763 953 896 979 amore
918 940 1164 979 temerarium
1187 946 1299 992 atque
1319 941 1530 991 impudens

115 1001 314 1035 mutuatur
343 995 566 1034 consilium:
597 997 751 1047 nuptias
779 996 819 1034 in
840 1009 928 1035 eum
951 997 1079 1047 ipsum
1103 997 1204 1036 diem
1227 997 1351 1048 parari
1373 1002 1531 1048 repente

117 1053 238 1097 iubet,
256 1064 305 1090 ne
322 1052 412 1103 quid
432 1052 663 1103 relinqueret
681 1053 819 1103 integri
836 1058 900 1091 aut
918 1053 1043 1091 Laelio
1061 1058 1126 1091 aut
1142 1053 1217 1103 ipsi
1236 1053 1411 1103 Scipioni
1430 1066 1527 1092 con-

119 1109 266 1148 sulendi
290 1109 390 1147 velut
409 1108 446 1146 in
470 1109 673 1159 captivam,
696 1122 791 1159 quae
811 1110 1036 1147 Masinissae
1058 1109 1132 1147 iam
1154 1114 1274 1160 nupta
1293 1109 1405 1147 foret.
1447 1110 1528 1148 fac-

117 1200 153 1231 2:
183 1200 270 1231 lianc
299 1210 360 1241 ego
390 1199 505 1230 eodem
535 1210 666 1231 ‘mecum
686 1203 786 1243 patre

114 1247 269 1287 genitam
287 1262 330 1266 ——
348 1243 485 1276 deduxi.
505 1262 549 1266 —
566 1244 786 1286 alienigenae,

117 1291 158 1321 im
177 1289 325 1321 Ausland
343 1289 504 1329 geboren3
533 1292 676 1327 eoeterm‘,
696 1290 785 1321 dem-

117 1335 232 1366 selben
251 1334 362 1365 seinen
383 1334 614 1374 burget-lichen
628 1334 786 1366 Verh'alt-

117 1381 228 1411 nissen
249 1380 328 1410 naeh
347 1380 572 1419 angeho'rend.
590 1398 634 1402 —
651 1380 788 1422 qaid—

117 1424 303 1456 tc'mena'am
327 1426 388 1461 sit,
414 1425 465 1455 die
489 1424 690 1465 Steigerung
713 1429 787 1455 ent-

116 1470 186 1501 hiilt
204 1480 264 1500 nur
278 1470 340 1500 den
357 1468 470 1500 Grund
486 1480 526 1500 zu
540 1470 611 1500 dein
625 1472 659 1501 z‘n
674 1473 786 1501 tamen

115 1534 158 1538 —
174 1514 308 1546 mallem
325 1514 498 1554 liegenden
520 1514 711 1555 Gedanken,
727 1515 787 1546 der

115 1560 238 1591 diesem
257 1560 519 1601 entsprechende
537 1558 621 1599 folgt
639 1560 670 1590 in
684 1560 786 1591 ande-

117 1615 173 1636 rer
196 1604 296 1636 Forin
322 1605 352 1635 in
378 1607 410 1636 si
429 1623 474 1627 —
490 1604 637 1636 vindices
654 1623 698 1627 —
717 1615 786 1637 oro

118 1668 161 1672 -—
179 1649 318 1680 siruella
336 1659 367 1679 a.
386 1658 435 1687 re,
453 1658 480 1679 s.
500 1648 551 1689 28,
570 1649 622 1688 44,
644 1649 694 1680 13

166 1694 204 1724 17
220 1692 323 1723 —18.
352 1693 471 1745 somna
493 1698 570 1734 etc„
604 1673 663 1723 l'Jio
693 1693 786 1725 Cass.

118 1737 200 1777 frag.
231 1738 283 1775 57,
315 1737 372 1767 51:
406 1749 422 1777 7]
450 1737 660 1779 (Sophoniba)
686 1734 726 1768 τό
752 1749 788 1769 τε

118 1780 250 1817 κάλλος
272 1781 366 1825 Snus
364 1780 453 1817 αιὲς
471 1786 544 1824 εἶχε
565 1783 637 1821 (καὶ
654 1793 726 1825 γαρ
746 1783 787 1826 τῆ

120 1829 345 1880 συμμετοιᾳ
359 1827 422 1858 τοῦ
454 1825 626 1871 σώιιατος
654 1838 713 1858 και
739 1838 787 1869 τῳ

116 1870 165 1905 a'1
168 1876 227 1904 ‘lm
243 1883 305 1913 της
319 1867 393 1902 (Soa
398 1882 414 1907 ς
430 1869 542 1916 ἥκμας
529 1872 607 1913 ζ’,ε7)
626 1873 685 1903 καὶ
700 1883 788 1903 παι-

122 1916 203 1949 (Ῡεια
235 1917 354 1969 πολλῇ
385 1918 446 1947 καὶ
474 1914 703 1961 γοαμμάῑων
728 1918 788 1948 καὶ

116 1963 298 2005 μουσικῆς
317 1959 449 2003 ἤσκητο
472 1967 534 1993 etc.
553 1981 594 1984 ——
613 1962 748 1994 modoo
728 1973 789 2003 (εξ-ε

116 2019 195 2048 naa,
214 2017 240 2038 5.
259 2006 279 2048 ξ
302 2007 350 2047 12,
370 2008 451 2037 oder
469 2008 519 2038 ein
538 2008 709 2038 ahnlichei
728 1987 788 2038 Be-

117 2053 196 2092 griff
210 2053 337 2083 seheint
353 2051 576 2091 ausgefallen3
596 2063 657 2083 77777
671 2052 788 2083 kiinst-

119 2098 180 2128 lich
200 2097 285 2128 kann
303 2098 401 2128 modo
421 2098 479 2128 luit
495 2100 528 2128 in
545 2097 581 2129 icl
598 2098 788 2129 verbunden

117 2143 264 2172 werden.
283 2160 327 2164 —
343 2144 485 2184 propius
503 2142 553 2182 bl„
575 2152 600 2173 s.
620 2142 672 2181 28,
688 2142 741 2179 40,
757 2142 787 2181 9,

120 2187 182 2218 soll
199 2187 270 2217 hier
288 2187 345 2217 das
364 2186 458 2226 Folg.
476 2187 671 2223 inotiviren,
699 2187 789 2218 nicht

119 2232 171 2262 ein
201 2229 352 2261 friiheres
379 2231 588 2263 Verh'ziltniss
612 2233 787 2263 andeuten.

119 2294 163 2298 —-
179 2279 219 2307 at
234 2294 277 2298 —
292 2286 474 2318 praeceps,
499 2286 524 2307 s.
550 2276 600 2317 29,
627 2277 680 2316 23,
699 2277 788 2308 4.—

118 2330 235 2352 amore
252 2338 295 2343 —
313 2324 448 2363 captus,
467 2321 518 2351 die
538 2321 788 2361 Wortstellung

119 2366 197 2396 heht
221 2366 273 2396 die
300 2366 472 2396 einzelnen
497 2366 656 2405 Begriffeg
682 2369 787 2398 vietor

118 2411 163 2441 ist
177 2411 298 2441 ebenso
312 2410 506 2441 absichtlieh
516 2411 712 2442 wiederholt
724 2411 787 2442 wie

119 2458 238 2497 captas
268 2455 371 2485 neben
401 2456 554 2497 captivae
577 2456 725 2495 gestellt.
743 2475 784 2478 ——

118 2502 152 2531 in
170 2499 206 2531 ia'
223 2500 323 2539 ha'ngt
341 2500 401 2530 wie
419 2499 439 2540 ξ
458 2500 494 2530 17
511 2511 573 2531 von
589 2500 788 2541 obligandae

110 2544 198 2586 fidei
223 2545 280 2584 ab,
311 2544 454 2575 welches
484 2545 544 2575 den
570 2545 694 2576 Zweck
724 2556 787 2576 von

120 2588 200 2620 (lata
219 2589 342 2621 (lea-[ra
360 2589 554 2621 bezeichnet
573 2591 635 2621 und
654 2590 703 2621 als
722 2590 787 2621 Da-

119 2633 168 2665 tiv
183 2634 399 2674 (wenigstens
418 2635 507 2666 ware
523 2635 574 2666 die
590 2635 789 2675 Auffassung

859 1200 909 1231 als
935 1199 1086 1241 Genitiv,
1116 1210 1143 1230 c.
1170 1199 1201 1238 9,
1223 1199 1252 1239 4,
1272 1200 1343 1231 hier
1371 1200 1457 1239 hart)
1489 1211 1530 1230 zu

860 1245 997 1285 demtra,
1017 1255 1043 1275 5.
1059 1255 1086 1275 c.
1106 1244 1136 1284 6,
1156 1244 1192 1282 33
1213 1243 1266 1285 29,
1282 1245 1334 1285 20,
1350 1244 1378 1285 2,
1398 1256 1439 1275 zu
1452 1245 1532 1276 neh-

860 1300 933 1321 inen
957 1290 1016 1330 ist,
1041 1300 1067 1320 5.
1091 1289 1121 1329 9,
1147 1289 1177 1328 9,
1198 1289 1232 1319 7:
1257 1292 1288 1321 εἰ
1309 1290 1388 1332 qaid
1403 1292 1469 1330 est,
1495 1290 1529 1320 iu

859 1345 922 1377 quo
945 1335 1090 1376 obligari
1105 1334 1252 1377 populns
1270 1337 1391 1377 possit,
1410 1337 1444 1366 in
1459 1344 1529 1366 om-

859 1381 917 1411 nia
932 1382 1064 1423 potest3
1084 1379 1178 1410 Suet.
1195 1379 1268 1411 Tib.
1287 1379 1345 1410 67:
1364 1391 1406 1411 ne
1422 1390 1529 1418 sese-

859 1427 962 1456 natus
986 1426 1021 1456 in
1046 1427 1122 1456 acta
1140 1425 1337 1465 cuiusquam
1356 1425 1530 1465 obligaret.

860 1469 953 1501 Ganz
972 1470 1091 1502 anders
1111 1469 1205 1500 stelit
1219 1469 1340 1500 Zonai.
1357 1470 1409 1500 die
1424 1469 1530 1500 Scene

860 1515 933 1546 dar:
953 1513 997 1555 ἠν
1012 1511 1046 1545 δ
1064 1513 1140 1546 ἐκεῖ
1151 1515 1212 1545 καὶ
1227 1511 1246 1554 ἡ
1261 1516 1447 1565 Σοφωιίς.
1472 1514 1531 1545 καὶ

859 1578 903 1582 -
943 1562 1189 1594 ΛΙασινισσας
1235 1555 1345 1594 εὐθὺς
1383 1556 1530 1600 {iasar}-

863 1603 961 1645 dnae,
981 1605 1041 1635 καὶ
1060 1600 1268 1651 περιλαβων
1286 1602 1410 1657 αὐτὶ37,
1429 1602 1529 1655 ,,ἔχω

861 1648 930 1692 μὲι
947 1646 1138 1700 Συίμικαε
1159 1653 1250 1687 εἰπε,
1269 1647 1333 1681 ῑὸ7
1351 1645 1529 1700 ἀφαρπά-

863 1691 978 1724 σαιτά
1011 1701 1068 1733 σε,
1100 1691 1170 1744 ἔχω
1200 1692 1239 1724 δὲ
1264 1694 1325 1724 καὶ
1352 1695 1402 1725 σέ.
1438 1690 1528 1724 1222«

860 1749 911 1780 μη
931 1736 1076 1769 δεδιῧι
1103 1734 1189 1769 οὐδὲ
1208 1735 1279 1780 γὰρ
1298 1734 1531 1780 αἰχμάὶωῑως

861 1783 1028 1856 3έ3107ας
1053 1781 1115 1814 ἐμὲ
1136 1779 1335 1826 σύμμαχον
1355 1782 1530 1825 ἔχουσα.

911 1827 1065 1857 19-20.
1099 1830 1172 1858 tam
1199 1838 1278 1859 reto
1301 1838 1389 1870 7θρ.,
1421 1829 1531 1859 dieser

862 1872 943 1903 oder
965 1873 1017 1903 ein
1036 1872 1207 1903 ahnlieher
1226 1872 1383 1903 Gedanke
1402 1873 1531 1904 scheint

861 1915 1064 1956 ausgefallen
1097 1928 1137 1947 zu
1167 1918 1248 1949 sein.
1273 1936 1313 1939 —
1334 1920 1374 1949 ab
1403 1928 1529 1955 autore,

861 1960 996 2001 unffihig
1026 1962 1132 1993 selbst
1162 1963 1255 1993 einen
1284 1963 1458 1993 Besehluss
1489 1973 1528 1993 zu

861 2005 983 2045 fassen,
1003 2007 1088 2038 liisst
1106 2018 1142 2037 er
1157 2008 1224 2038 sich
1240 2026 1278 2029 —
1297 2007 1467 2047 eingeben.
1487 2026 1526 2029 ——

861 2052 1058 2094 impudens,
1083 2052 1183 2083 durch
1208 2053 1269 2083 den
1293 2063 1330 2083 er
1353 2053 1420 2083 sich
1438 2051 1528 2083 frech

861 2097 944 2127 iiber
973 2098 1030 2127 das
1056 2097 1262 2128 Schickliche
1293 2097 1428 2140 (pudor,
1455 2108 1480 2128 s.
1500 2098 1528 2134 Ξ»,

862 2141 914 2179 46,
935 2142 964 2179 7)
990 2146 1174 2181 wegsetzte
1199 2143 1263 2172 und
1289 2143 1379 2173 seine
1399 2142 1527 2173 Wiirdo

861 2187 1038 2217 verletzte.
1063 2204 1107 2208 —-
1127 2188 1280 2229 nuptias,
1312 2187 1528 2218 erkliirendes

861 2231 1069 2273 Asyudeton.
1106 2250 1149 2253 ——
1177 2243 1218 2263 ne
1243 2250 1286 2254 —
1314 2232 1527 2273 relinqueret,

860 2287 912 2307 uni
944 2277 1050 2306 nichts
1075 2287 1135 2307 zur
1158 2274 1263 2307 freien
1282 2277 1529 2317 Entscheidung

859 2339 902 2343 —
921 2332 961 2351 zu
976 2321 1186 2358 iiberlassen,
1213 2322 1261 2352 sie
1288 2322 1389 2352 durch
1413 2323 1528 2353 rasrhe

860 2365 944 2397 That
961 2367 1146 2405 unmoglich
1165 2377 1205 2396 zu
1224 2367 1368 2398 macheu.
1388 2385 1432 2388 —
1449 2378 1526 2398 con-

859 2411 1005 2449 salemlc'3
1022 2411 1169 2451 obgleich
1184 2421 1256 2442 rem
1269 2414 1440 2452 infegram
1453 2422 1529 2443 con-

859 2456 971 2487 sulere
997 2456 1048 2497 27,
1075 2456 1105 2493 9,
1134 2456 1171 2486 10
1190 2457 1256 2487 sich
1282 2456 1400 2495 findet,
1431 2468 1466 2488 so
1485 2458 1529 2488 ist

860 2501 940 2531 doch
971 2501 1097 2541 aliquid
1122 2503 1296 2542 integrum
1324 2503 1357 2532 in
1386 2502 1528 2544 aliquem

861 2546 1035 2577 consulere
1052 2546 1147 2577 kaum
1166 2546 1323 2586 zuliissig,
1342 2548 1424 2577 auch
1442 2547 1527 2578 kann

861 2591 1055 2622 consulenda·
1071 2591 1159 2622 nicht
1175 2591 1225 2622 als
1243 2592 1344 2631 genit.
1361 2596 1445 2634 part.
1466 2603 1526 2623 von

861 2635 940 2676 qaid
951 2636 1132 2676 abhiiugen,
1147 2637 1290 2668 sondern
1305 2637 1436 2668 hatsich
1446 2642 1529 2668 statt

1561 383 1600 415 16

1560 555 1599 587 17

1561 725 1600 758 18

1562 838 1601 870 19

1557 1064 1600 1096 20

1559 1117 1598 1149 21
