<?xml version="1.0" encoding="UTF-8"?>
<!DOCTYPE html PUBLIC "-//W3C//DTD XHTML 1.0 Transitional//EN"
    "http://www.w3.org/TR/xhtml1/DTD/xhtml1-transitional.dtd">
<html xmlns="http://www.w3.org/1999/xhtml" xml:lang="en" lang="en">
 <head>
  <title>
</title>
<meta http-equiv="Content-Type" content="text/html;charset=utf-8" />
  <meta name='ocr-system' content='tesseract 3.04.00' />
  <meta name='ocr-capabilities' content='ocr_page ocr_carea ocr_par ocr_line ocrx_word'/>
</head>
<body>
  <div class='ocr_page' id='page_1' title='image "./aburbeconditalib0506livyuoft_0068.png"; bbox 0 0 1784 2967; ppageno 0'>
   <div class='ocr_carea' id='block_1_1' title="bbox 0 0 1784 240">
    <p class='ocr_par' dir='ltr' id='par_1_1' title="bbox 0 0 1784 240">
     <span class='ocr_line' id='line_1_1' title="bbox 0 0 1784 240; baseline 0 2727"><span class='ocrx_word' id='word_1_1' title='bbox 0 0 1784 240; x_wconf 95' lang='lat' dir='ltr'> </span> 
     </span>
    </p>
   </div>
   <div class='ocr_carea' id='block_1_2' title="bbox 692 253 1159 288">
    <p class='ocr_par' dir='ltr' id='par_1_2' title="bbox 692 253 1159 288">
     <span class='ocr_line' id='line_1_2' title="bbox 692 253 1159 288; baseline -0.004 -1"><span class='ocrx_word' id='word_1_2' title='bbox 692 255 817 288; x_wconf 79' lang='lat' dir='ltr'>LIBER</span> <span class='ocrx_word' id='word_1_3' title='bbox 834 254 960 288; x_wconf 84' lang='lat' dir='ltr'><strong>XXIV.</strong></span> <span class='ocrx_word' id='word_1_4' title='bbox 993 255 1086 287; x_wconf 79' lang='lat' dir='ltr'>CAP.</span> <span class='ocrx_word' id='word_1_5' title='bbox 1105 253 1159 286; x_wconf 83' lang='lat'>24.</span> 
     </span>
    </p>
   </div>
   <div class='ocr_carea' id='block_1_3' title="bbox 228 260 280 299">
    <p class='ocr_par' dir='ltr' id='par_1_3' title="bbox 228 260 280 299">
     <span class='ocr_line' id='line_1_3' title="bbox 228 260 280 299; baseline 0 0"><span class='ocrx_word' id='word_1_6' title='bbox 228 260 280 299; x_wconf 84' lang='lat'>54</span> 
     </span>
    </p>
   </div>
   <div class='ocr_carea' id='block_1_4' title="bbox 1481 263 1628 289">
    <p class='ocr_par' dir='ltr' id='par_1_4' title="bbox 1481 263 1628 289">
     <span class='ocr_line' id='line_1_4' title="bbox 1481 263 1628 289; baseline 0.007 -1"><span class='ocrx_word' id='word_1_7' title='bbox 1481 269 1508 288; x_wconf 78' lang='lat' dir='ltr'>a.</span> <span class='ocrx_word' id='word_1_8' title='bbox 1523 270 1551 288; x_wconf 84' lang='lat' dir='ltr'>u.</span> <span class='ocrx_word' id='word_1_9' title='bbox 1566 263 1628 289; x_wconf 81' lang='lat'>540.</span> 
     </span>
    </p>
   </div>
   <div class='ocr_carea' id='block_1_5' title="bbox 226 355 1635 1424">
    <p class='ocr_par' dir='ltr' id='par_1_5' title="bbox 226 355 1635 1424">
     <span class='ocr_line' id='line_1_5' title="bbox 228 355 1629 408; baseline -0.003 -9"><span class='ocrx_word' id='word_1_10' title='bbox 228 361 416 407; x_wconf 78' lang='lat' dir='ltr'>adsuerat,</span> <span class='ocrx_word' id='word_1_11' title='bbox 439 359 589 398; x_wconf 79' lang='lat' dir='ltr'>incaute</span> <span class='ocrx_word' id='word_1_12' title='bbox 611 357 744 408; x_wconf 87' lang='lat' dir='ltr'>aperit.</span> <span class='ocrx_word' id='word_1_13' title='bbox 785 357 874 396; x_wconf 87' lang='lat' dir='ltr'>huic</span> <span class='ocrx_word' id='word_1_14' title='bbox 895 361 931 396; x_wconf 90' lang='lat' dir='ltr'>et</span> <span class='ocrx_word' id='word_1_15' title='bbox 951 368 1070 407; x_wconf 85' lang='lat' dir='ltr'>genus</span> <span class='ocrx_word' id='word_1_16' title='bbox 1092 360 1128 394; x_wconf 89' lang='lat' dir='ltr'>et</span> <span class='ocrx_word' id='word_1_17' title='bbox 1146 355 1303 394; x_wconf 87' lang='lat' dir='ltr'>fortuna</span> <span class='ocrx_word' id='word_1_18' title='bbox 1322 355 1486 394; x_wconf 88' lang='lat' dir='ltr'>honesta</span> <span class='ocrx_word' id='word_1_19' title='bbox 1507 360 1629 403; x_wconf 86' lang='lat' dir='ltr'>erant,</span> 
     </span>
     <span class='ocr_line' id='line_1_6' title="bbox 226 411 1629 466; baseline -0.003 -11"><span class='ocrx_word' id='word_1_20' title='bbox 226 429 301 455; x_wconf 85' lang='lat' dir='ltr'>nec</span> <span class='ocrx_word' id='word_1_21' title='bbox 320 429 402 461; x_wconf 83' lang='lat' dir='ltr'>arS,</span> <span class='ocrx_word' id='word_1_22' title='bbox 427 415 514 466; x_wconf 85' lang='lat' dir='ltr'>quia</span> <span class='ocrx_word' id='word_1_23' title='bbox 536 415 630 453; x_wconf 87' lang='lat' dir='ltr'>nihil</span> <span class='ocrx_word' id='word_1_24' title='bbox 650 415 723 453; x_wconf 90' lang='lat' dir='ltr'>tale</span> <span class='ocrx_word' id='word_1_25' title='bbox 744 414 844 465; x_wconf 87' lang='lat' dir='ltr'>apud</span> <span class='ocrx_word' id='word_1_26' title='bbox 868 413 1032 452; x_wconf 90' lang='lat' dir='ltr'>Graecos</span> <span class='ocrx_word' id='word_1_27' title='bbox 1055 411 1195 462; x_wconf 89' lang='lat' dir='ltr'>pudori</span> <span class='ocrx_word' id='word_1_28' title='bbox 1217 416 1288 459; x_wconf 89' lang='lat' dir='ltr'>est,</span> <span class='ocrx_word' id='word_1_29' title='bbox 1312 424 1356 450; x_wconf 90' lang='lat' dir='ltr'>ea</span> <span class='ocrx_word' id='word_1_30' title='bbox 1377 411 1629 451; x_wconf 79' lang='lat' dir='ltr'>deformabat.</span> 
     </span>
     <span class='ocr_line' id='line_1_7' title="bbox 227 467 1629 523; baseline -0.002 -12"><span class='ocrx_word' id='word_1_31' title='bbox 227 473 354 523; x_wconf 87' lang='lat' dir='ltr'>itaque</span> <span class='ocrx_word' id='word_1_32' title='bbox 383 473 497 511; x_wconf 82' lang='lat' dir='ltr'>fidem</span> <span class='ocrx_word' id='word_1_33' title='bbox 521 473 697 523; x_wconf 77' lang='lat' dir='ltr'><em>priorem</em></span> <span class='ocrx_word' id='word_1_34' title='bbox 724 470 995 520; x_wconf 81' lang='lat' dir='ltr'>potioremque</span> <span class='ocrx_word' id='word_1_35' title='bbox 1020 473 1125 506; x_wconf 86' lang='lat' dir='ltr'>ratus</span> <span class='ocrx_word' id='word_1_36' title='bbox 1154 481 1270 519; x_wconf 89' lang='lat' dir='ltr'>quam</span> <span class='ocrx_word' id='word_1_37' title='bbox 1291 467 1436 519; x_wconf 81' lang='lat' dir='ltr'>patriae</span> <span class='ocrx_word' id='word_1_38' title='bbox 1457 468 1629 515; x_wconf 89' lang='lat' dir='ltr'>debehat,</span> 
     </span>
     <span class='ocr_line' id='line_1_8' title="bbox 226 524 1629 579; baseline -0.002 -12"><span class='ocrx_word' id='word_1_39' title='bbox 226 529 409 567; x_wconf 85' lang='lat' dir='ltr'>indicium</span> <span class='ocrx_word' id='word_1_40' title='bbox 432 528 477 566; x_wconf 91' lang='lat' dir='ltr'>ad</span> <span class='ocrx_word' id='word_1_41' title='bbox 500 532 695 579; x_wconf 80' lang='lat' dir='ltr'>praetores</span> <span class='ocrx_word' id='word_1_42' title='bbox 717 527 850 565; x_wconf 86' lang='lat' dir='ltr'>defert.</span> <span class='ocrx_word' id='word_1_43' title='bbox 891 525 966 576; x_wconf 90' lang='lat' dir='ltr'>qui,</span> <span class='ocrx_word' id='word_1_44' title='bbox 987 524 1052 563; x_wconf 89' lang='lat' dir='ltr'>ubi</span> <span class='ocrx_word' id='word_1_45' title='bbox 1072 537 1154 563; x_wconf 90' lang='lat' dir='ltr'>rem</span> <span class='ocrx_word' id='word_1_46' title='bbox 1172 525 1273 563; x_wconf 87' lang='lat' dir='ltr'>haud</span> <span class='ocrx_word' id='word_1_47' title='bbox 1291 537 1424 563; x_wconf 86' lang='lat' dir='ltr'>vanam</span> <span class='ocrx_word' id='word_1_48' title='bbox 1442 537 1529 563; x_wconf 92' lang='lat' dir='ltr'>esse</span> <span class='ocrx_word' id='word_1_49' title='bbox 1546 537 1629 564; x_wconf 86' lang='lat' dir='ltr'>cer-</span> 
     </span>
     <span class='ocr_line' id='line_1_9' title="bbox 226 580 1629 635; baseline -0.002 -12"><span class='ocrx_word' id='word_1_50' title='bbox 226 586 275 624; x_wconf 87' lang='lat' dir='ltr'>tis</span> <span class='ocrx_word' id='word_1_51' title='bbox 305 584 454 623; x_wconf 84' lang='lat' dir='ltr'>indiciis</span> <span class='ocrx_word' id='word_1_52' title='bbox 478 588 753 635; x_wconf 87' lang='lat' dir='ltr'>conpererunt,</span> <span class='ocrx_word' id='word_1_53' title='bbox 784 581 970 621; x_wconf 81' lang='lat' dir='ltr'>consultis</span> <span class='ocrx_word' id='word_1_54' title='bbox 998 580 1216 620; x_wconf 90' lang='lat' dir='ltr'>senioribus</span> <span class='ocrx_word' id='word_1_55' title='bbox 1245 586 1282 620; x_wconf 88' lang='lat' dir='ltr'>et</span> <span class='ocrx_word' id='word_1_56' title='bbox 1308 580 1534 620; x_wconf 87' lang='lat' dir='ltr'>auctoritate</span> <span class='ocrx_word' id='word_1_57' title='bbox 1560 594 1629 620; x_wconf 89' lang='lat' dir='ltr'>eo-</span> 
     </span>
     <span class='ocr_line' id='line_1_10' title="bbox 229 637 1630 691; baseline -0.002 -12"><span class='ocrx_word' id='word_1_58' title='bbox 229 653 315 680; x_wconf 91' lang='lat' dir='ltr'>rum</span> <span class='ocrx_word' id='word_1_59' title='bbox 342 640 536 691; x_wconf 83' lang='lat' dir='ltr'>praesidio</span> <span class='ocrx_word' id='word_1_60' title='bbox 565 641 611 679; x_wconf 87' lang='lat' dir='ltr'>ad</span> <span class='ocrx_word' id='word_1_61' title='bbox 638 641 742 679; x_wconf 86' lang='lat' dir='ltr'>fores</span> <span class='ocrx_word' id='word_1_62' title='bbox 765 638 894 689; x_wconf 86' lang='lat' dir='ltr'>posito</span> <span class='ocrx_word' id='word_1_63' title='bbox 917 638 1116 688; x_wconf 81' lang='lat' dir='ltr'>ingressos</span> <span class='ocrx_word' id='word_1_64' title='bbox 1139 638 1282 676; x_wconf 90' lang='lat' dir='ltr'>curiam</span> <span class='ocrx_word' id='word_1_65' title='bbox 1307 637 1552 676; x_wconf 80' lang='lat' dir='ltr'>Themistum</span> <span class='ocrx_word' id='word_1_66' title='bbox 1572 643 1630 677; x_wconf 88' lang='lat' dir='ltr'>at-</span> 
     </span>
     <span class='ocr_line' id='line_1_11' title="bbox 229 693 1631 748; baseline -0.003 -12"><span class='ocrx_word' id='word_1_67' title='bbox 229 710 302 748; x_wconf 90' lang='lat' dir='ltr'>que</span> <span class='ocrx_word' id='word_1_68' title='bbox 319 697 644 736; x_wconf 73' lang='lat' dir='ltr'>Andr-anodorum</span> <span class='ocrx_word' id='word_1_69' title='bbox 668 696 951 734; x_wconf 80' lang='lat' dir='ltr'>interfecerunt.</span> <span class='ocrx_word' id='word_1_70' title='bbox 992 698 1030 732; x_wconf 90' lang='lat' dir='ltr'>et</span> <span class='ocrx_word' id='word_1_71' title='bbox 1051 706 1136 735; x_wconf 88' lang='lat' dir='ltr'>cum</span> <span class='ocrx_word' id='word_1_72' title='bbox 1158 694 1346 733; x_wconf 86' lang='lat' dir='ltr'>tumultus</span> <span class='ocrx_word' id='word_1_73' title='bbox 1364 693 1409 732; x_wconf 90' lang='lat' dir='ltr'>ab</span> <span class='ocrx_word' id='word_1_74' title='bbox 1426 706 1467 732; x_wconf 90' lang='lat' dir='ltr'>re</span> <span class='ocrx_word' id='word_1_75' title='bbox 1483 694 1523 732; x_wconf 90' lang='lat' dir='ltr'>in</span> <span class='ocrx_word' id='word_1_76' title='bbox 1540 706 1631 744; x_wconf 88' lang='lat' dir='ltr'>spe-</span> 
     </span>
     <span class='ocr_line' id='line_1_12' title="bbox 227 750 1631 801; baseline -0.003 -8"><span class='ocrx_word' id='word_1_77' title='bbox 227 754 325 792; x_wconf 83' lang='lat' dir='ltr'>ciem</span> <span class='ocrx_word' id='word_1_78' title='bbox 357 753 548 792; x_wconf 79' lang='lat' dir='ltr'>atrociore</span> <span class='ocrx_word' id='word_1_79' title='bbox 581 765 735 791; x_wconf 84' lang='lat' dir='ltr'>causam</span> <span class='ocrx_word' id='word_1_80' title='bbox 769 751 849 790; x_wconf 88' lang='lat' dir='ltr'>aliis</span> <span class='ocrx_word' id='word_1_81' title='bbox 882 750 1150 801; x_wconf 82' lang='lat' dir='ltr'>ignorantibus</span> <span class='ocrx_word' id='word_1_82' title='bbox 1183 756 1290 789; x_wconf 89' lang='lat' dir='ltr'>ortus</span> <span class='ocrx_word' id='word_1_83' title='bbox 1322 756 1442 796; x_wconf 85' lang='lat' dir='ltr'>esset,</span> <span class='ocrx_word' id='word_1_84' title='bbox 1480 751 1631 789; x_wconf 90' lang='lat' dir='ltr'>silentio</span> 
     </span>
     <span class='ocr_line' id='line_1_13' title="bbox 226 806 1633 858; baseline -0.004 -9"><span class='ocrx_word' id='word_1_85' title='bbox 226 810 381 849; x_wconf 82' lang='lat' dir='ltr'>tandem</span> <span class='ocrx_word' id='word_1_86' title='bbox 408 809 696 849; x_wconf 83' lang='lat' dir='ltr'>facto&#39;indicem</span> <span class='ocrx_word' id='word_1_87' title='bbox 724 808 763 846; x_wconf 91' lang='lat' dir='ltr'>in</span> <span class='ocrx_word' id='word_1_88' title='bbox 786 807 929 846; x_wconf 89' lang='lat' dir='ltr'>curiam</span> <span class='ocrx_word' id='word_1_89' title='bbox 951 807 1259 846; x_wconf 83' lang='lat' dir='ltr'>introduxerunt.</span> <span class='ocrx_word' id='word_1_90' title='bbox 1301 807 1365 858; x_wconf 85' lang='lat' dir='ltr'>qui</span> <span class='ocrx_word' id='word_1_91' title='bbox 1388 819 1473 846; x_wconf 89' lang='lat' dir='ltr'>cum</span> <span class='ocrx_word' id='word_1_92' title='bbox 1498 806 1633 845; x_wconf 85' lang='lat' dir='ltr'>ordine</span> 
     </span>
     <span class='ocr_line' id='line_1_14' title="bbox 228 863 1632 914; baseline -0.003 -9"><span class='ocrx_word' id='word_1_93' title='bbox 228 866 357 905; x_wconf 84' lang='lat' dir='ltr'>omnia</span> <span class='ocrx_word' id='word_1_94' title='bbox 387 866 621 911; x_wconf 77' lang='lat' dir='ltr'>edocuisset,</span> <span class='ocrx_word' id='word_1_95' title='bbox 656 870 692 902; x_wconf 87' lang='lat' dir='ltr'>et</span> <span class='ocrx_word' id='word_1_96' title='bbox 719 863 952 914; x_wconf 88' lang='lat' dir='ltr'>principium</span> <span class='ocrx_word' id='word_1_97' title='bbox 983 863 1262 902; x_wconf 83' lang='lat' dir='ltr'>coniurationis</span> <span class='ocrx_word' id='word_1_98' title='bbox 1290 864 1433 902; x_wconf 86' lang='lat' dir='ltr'>factum</span> <span class='ocrx_word' id='word_1_99' title='bbox 1460 863 1506 902; x_wconf 89' lang='lat' dir='ltr'>ab</span> <span class='ocrx_word' id='word_1_100' title='bbox 1532 863 1632 902; x_wconf 88' lang='lat' dir='ltr'>Har-</span> 
     </span>
     <span class='ocr_line' id='line_1_15' title="bbox 227 920 1632 971; baseline -0.002 -10"><span class='ocrx_word' id='word_1_101' title='bbox 227 923 382 961; x_wconf 91' lang='lat' dir='ltr'>moniae</span> <span class='ocrx_word' id='word_1_102' title='bbox 411 922 567 960; x_wconf 84' lang='lat' dir='ltr'>Gelonis</span> <span class='ocrx_word' id='word_1_103' title='bbox 604 921 699 959; x_wconf 83' lang='lat' dir='ltr'>filiae</span> <span class='ocrx_word' id='word_1_104' title='bbox 735 920 901 971; x_wconf 87' lang='lat' dir='ltr'>nuptiis,</span> <span class='ocrx_word' id='word_1_105' title='bbox 940 920 1079 971; x_wconf 88' lang='lat' dir='ltr'>quibus</span> <span class='ocrx_word' id='word_1_106' title='bbox 1111 920 1310 958; x_wconf 89' lang='lat' dir='ltr'>Themisto</span> <span class='ocrx_word' id='word_1_107' title='bbox 1346 920 1475 959; x_wconf 83' lang='lat' dir='ltr'>iuncta</span> <span class='ocrx_word' id='word_1_108' title='bbox 1511 924 1632 965; x_wconf 81' lang='lat' dir='ltr'>esset;</span> 
     </span>
     <span class='ocr_line' id='line_1_16' title="bbox 227 976 1635 1028; baseline -0.001 -12"><span class='ocrx_word' id='word_1_109' title='bbox 227 978 409 1017; x_wconf 81' lang='lat' dir='ltr'>Afrorum</span> <span class='ocrx_word' id='word_1_110' title='bbox 433 978 770 1028; x_wconf 78' lang='lat' dir='ltr'>Hispanorumque</span> <span class='ocrx_word' id='word_1_111' title='bbox 797 976 999 1015; x_wconf 82' lang='lat' dir='ltr'>auxiliares</span> <span class='ocrx_word' id='word_1_112' title='bbox 1027 976 1238 1015; x_wconf 85' lang='lat' dir='ltr'>instructos</span> <span class='ocrx_word' id='word_1_113' title='bbox 1265 977 1310 1015; x_wconf 87' lang='lat' dir='ltr'>ad</span> <span class='ocrx_word' id='word_1_114' title='bbox 1339 977 1494 1015; x_wconf 83' lang='lat' dir='ltr'>caedem</span> <span class='ocrx_word' id='word_1_115' title='bbox 1522 988 1635 1027; x_wconf 88' lang='lat' dir='ltr'>prae-</span> 
     </span>
     <span class='ocr_line' id='line_1_17' title="bbox 228 1032 1635 1085; baseline -0.001 -12"><span class='ocrx_word' id='word_1_116' title='bbox 228 1040 357 1073; x_wconf 82' lang='lat' dir='ltr'>torum</span> <span class='ocrx_word' id='word_1_117' title='bbox 396 1034 690 1085; x_wconf 84' lang='lat' dir='ltr'>principumque</span> <span class='ocrx_word' id='word_1_118' title='bbox 725 1033 908 1079; x_wconf 87' lang='lat' dir='ltr'>aliorum,</span> <span class='ocrx_word' id='word_1_119' title='bbox 940 1033 1118 1084; x_wconf 88' lang='lat' dir='ltr'>bonaque</span> <span class='ocrx_word' id='word_1_120' title='bbox 1149 1046 1284 1071; x_wconf 91' lang='lat' dir='ltr'>eorum</span> <span class='ocrx_word' id='word_1_121' title='bbox 1313 1033 1477 1083; x_wconf 84' lang='lat' dir='ltr'>praedae</span> <span class='ocrx_word' id='word_1_122' title='bbox 1507 1032 1635 1071; x_wconf 88' lang='lat' dir='ltr'>futura</span> 
     </span>
     <span class='ocr_line' id='line_1_18' title="bbox 229 1089 1633 1141; baseline -0.001 -12"><span class='ocrx_word' id='word_1_123' title='bbox 229 1091 542 1129; x_wconf 85' lang='lat' dir='ltr'>interfectoribus</span> <span class='ocrx_word' id='word_1_124' title='bbox 565 1090 883 1141; x_wconf 67' lang='lat' dir='ltr'>pronunciatum,</span> <span class='ocrx_word' id='word_1_125' title='bbox 910 1089 984 1128; x_wconf 89' lang='lat' dir='ltr'>iam</span> <span class='ocrx_word' id='word_1_126' title='bbox 1007 1089 1361 1128; x_wconf 84' lang='lat' dir='ltr'>mercennariorum</span> <span class='ocrx_word' id='word_1_127' title='bbox 1385 1101 1541 1128; x_wconf 84' lang='lat' dir='ltr'>manum</span> <span class='ocrx_word' id='word_1_128' title='bbox 1564 1089 1633 1127; x_wconf 91' lang='lat' dir='ltr'>ad-</span> 
     </span>
     <span class='ocr_line' id='line_1_19' title="bbox 228 1145 1632 1198; baseline -0.001 -12"><span class='ocrx_word' id='word_1_129' title='bbox 228 1153 377 1186; x_wconf 82' lang='lat' dir='ltr'>suetam</span> <span class='ocrx_word' id='word_1_130' title='bbox 405 1147 578 1198; x_wconf 87' lang='lat' dir='ltr'>imperiis</span> <span class='ocrx_word' id='word_1_131' title='bbox 600 1146 868 1185; x_wconf 84' lang='lat' dir='ltr'>Andranodori</span> <span class='ocrx_word' id='word_1_132' title='bbox 895 1151 1067 1197; x_wconf 86' lang='lat' dir='ltr'>paratam</span> <span class='ocrx_word' id='word_1_133' title='bbox 1094 1147 1217 1185; x_wconf 85' lang='lat' dir='ltr'>fuisse</span> <span class='ocrx_word' id='word_1_134' title='bbox 1243 1146 1287 1184; x_wconf 87' lang='lat' dir='ltr'>ad</span> <span class='ocrx_word' id='word_1_135' title='bbox 1305 1145 1473 1184; x_wconf 85' lang='lat' dir='ltr'>Insulam</span> <span class='ocrx_word' id='word_1_136' title='bbox 1496 1158 1632 1184; x_wconf 89' lang='lat' dir='ltr'>rursus</span> 
     </span>
     <span class='ocr_line' id='line_1_20' title="bbox 229 1203 1634 1254; baseline -0.001 -12"><span class='ocrx_word' id='word_1_137' title='bbox 229 1204 514 1254; x_wconf 65' lang='lat' dir='ltr'>occupandam,</span> <span class='ocrx_word' id='word_1_138' title='bbox 546 1203 694 1253; x_wconf 76' lang='lat' dir='ltr'>singula</span> <span class='ocrx_word' id='word_1_139' title='bbox 721 1203 879 1249; x_wconf 84' lang='lat' dir='ltr'>deinde,</span> <span class='ocrx_word' id='word_1_140' title='bbox 908 1215 1004 1253; x_wconf 88' lang='lat' dir='ltr'>quae</span> <span class='ocrx_word' id='word_1_141' title='bbox 1025 1216 1094 1254; x_wconf 88' lang='lat' dir='ltr'>per</span> <span class='ocrx_word' id='word_1_142' title='bbox 1116 1216 1294 1254; x_wconf 87' lang='lat' dir='ltr'>quosque</span> <span class='ocrx_word' id='word_1_143' title='bbox 1317 1207 1540 1253; x_wconf 79' lang='lat' dir='ltr'>agerentur,</span> <span class='ocrx_word' id='word_1_144' title='bbox 1570 1207 1634 1240; x_wconf 92' lang='lat' dir='ltr'>to-</span> 
     </span>
     <span class='ocr_line' id='line_1_21' title="bbox 226 1258 1634 1310; baseline -0.001 -12"><span class='ocrx_word' id='word_1_145' title='bbox 226 1266 383 1310; x_wconf 85' lang='lat' dir='ltr'>tamque</span> <span class='ocrx_word' id='word_1_146' title='bbox 419 1260 507 1298; x_wconf 87' lang='lat' dir='ltr'>viris</span> <span class='ocrx_word' id='word_1_147' title='bbox 545 1260 739 1310; x_wconf 86' lang='lat' dir='ltr'>armisque</span> <span class='ocrx_word' id='word_1_148' title='bbox 774 1260 1003 1298; x_wconf 83' lang='lat' dir='ltr'>instructam</span> <span class='ocrx_word' id='word_1_149' title='bbox 1040 1259 1345 1298; x_wconf 89' lang='lat' dir='ltr'>coniurationem</span> <span class='ocrx_word' id='word_1_150' title='bbox 1382 1263 1469 1297; x_wconf 87' lang='lat' dir='ltr'>ante</span> <span class='ocrx_word' id='word_1_151' title='bbox 1500 1258 1634 1297; x_wconf 85' lang='lat' dir='ltr'>oculos</span> 
     </span>
     <span class='ocr_line' id='line_1_22' title="bbox 226 1313 1634 1367; baseline -0.001 -13"><span class='ocrx_word' id='word_1_152' title='bbox 226 1317 369 1367; x_wconf 79' lang='lat' dir='ltr'>posuit.</span> <span class='ocrx_word' id='word_1_153' title='bbox 417 1321 454 1355; x_wconf 88' lang='lat' dir='ltr'>et</span> <span class='ocrx_word' id='word_1_154' title='bbox 481 1316 631 1354; x_wconf 84' lang='lat' dir='ltr'>senatui</span> <span class='ocrx_word' id='word_1_155' title='bbox 658 1316 811 1367; x_wconf 84' lang='lat' dir='ltr'>quidem</span> <span class='ocrx_word' id='word_1_156' title='bbox 832 1321 911 1354; x_wconf 83' lang='lat' dir='ltr'>tam</span> <span class='ocrx_word' id='word_1_157' title='bbox 934 1316 1016 1354; x_wconf 91' lang='lat' dir='ltr'>iure</span> <span class='ocrx_word' id='word_1_158' title='bbox 1039 1316 1137 1355; x_wconf 88' lang='lat' dir='ltr'>caesi</span> <span class='ocrx_word' id='word_1_159' title='bbox 1160 1329 1274 1367; x_wconf 87' lang='lat' dir='ltr'>quam</span> <span class='ocrx_word' id='word_1_160' title='bbox 1297 1315 1555 1365; x_wconf 76' lang='lat' dir='ltr'>Hieronymus</span> <span class='ocrx_word' id='word_1_161' title='bbox 1576 1313 1634 1352; x_wconf 92' lang='lat' dir='ltr'>vi—</span> 
     </span>
     <span class='ocr_line' id='line_1_23' title="bbox 228 1370 1634 1424; baseline -0.002 -13"><span class='ocrx_word' id='word_1_162' title='bbox 228 1372 433 1419; x_wconf 85' lang='lat' dir='ltr'>debantur,</span> <span class='ocrx_word' id='word_1_163' title='bbox 463 1378 549 1411; x_wconf 78' lang='lat' dir='ltr'>ante</span> <span class='ocrx_word' id='word_1_164' title='bbox 578 1373 721 1411; x_wconf 86' lang='lat' dir='ltr'>curiam</span> <span class='ocrx_word' id='word_1_165' title='bbox 750 1372 872 1412; x_wconf 87' lang='lat' dir='ltr'>variae</span> <span class='ocrx_word' id='word_1_166' title='bbox 900 1378 1013 1424; x_wconf 86' lang='lat' dir='ltr'>atque</span> <span class='ocrx_word' id='word_1_167' title='bbox 1034 1373 1201 1411; x_wconf 86' lang='lat' dir='ltr'>incertae</span> <span class='ocrx_word' id='word_1_168' title='bbox 1222 1384 1351 1411; x_wconf 88' lang='lat' dir='ltr'>rerum</span> <span class='ocrx_word' id='word_1_169' title='bbox 1374 1370 1634 1410; x_wconf 84' lang='lat' dir='ltr'>multitudinis</span> 
     </span>
    </p>
   </div>
   <div class='ocr_carea' id='block_1_6' title="bbox 226 1507 894 1956">
    <p class='ocr_par' dir='ltr' id='par_1_6' title="bbox 226 1507 894 1956">
     <span class='ocr_line' id='line_1_24' title="bbox 272 1507 892 1549; baseline 0 -11"><span class='ocrx_word' id='word_1_170' title='bbox 272 1507 303 1538; x_wconf 87' lang='lat'>3.</span> <span class='ocrx_word' id='word_1_171' title='bbox 325 1508 489 1549; x_wconf 71' lang='lat' dir='ltr'>fortuna,</span> <span class='ocrx_word' id='word_1_172' title='bbox 508 1508 598 1538; x_wconf 88' lang='lat' dir='ltr'>seinc</span> <span class='ocrx_word' id='word_1_173' title='bbox 619 1507 808 1538; x_wconf 65' lang='lat' dir='ltr'>biiuslichen</span> <span class='ocrx_word' id='word_1_174' title='bbox 826 1507 892 1538; x_wconf 87' lang='lat' dir='ltr'>und</span> 
     </span>
     <span class='ocr_line' id='line_1_25' title="bbox 226 1551 892 1593; baseline 0 -10"><span class='ocrx_word' id='word_1_175' title='bbox 226 1551 607 1593; x_wconf 72' lang='lat' dir='ltr'>Vermogensumstiinde</span> <span class='ocrx_word' id='word_1_176' title='bbox 626 1563 736 1583; x_wconf 84' lang='lat' dir='ltr'>waren</span> <span class='ocrx_word' id='word_1_177' title='bbox 755 1553 892 1583; x_wconf 73' lang='lat' dir='ltr'>anstiiu-</span> 
     </span>
     <span class='ocr_line' id='line_1_26' title="bbox 227 1597 891 1637; baseline 0 -9"><span class='ocrx_word' id='word_1_178' title='bbox 227 1598 292 1637; x_wconf 85' lang='lat' dir='ltr'>dig.</span> <span class='ocrx_word' id='word_1_179' title='bbox 310 1608 369 1628; x_wconf 78' lang='lat' dir='ltr'>noe</span> <span class='ocrx_word' id='word_1_180' title='bbox 385 1608 434 1636; x_wconf 88' lang='lat' dir='ltr'>a.,</span> <span class='ocrx_word' id='word_1_181' title='bbox 459 1599 540 1628; x_wconf 83' lang='lat' dir='ltr'>auch</span> <span class='ocrx_word' id='word_1_182' title='bbox 559 1599 648 1628; x_wconf 82' lang='lat' dir='ltr'>seine</span> <span class='ocrx_word' id='word_1_183' title='bbox 667 1597 775 1629; x_wconf 81' lang='lat' dir='ltr'>Hunst</span> <span class='ocrx_word' id='word_1_184' title='bbox 792 1598 891 1636; x_wconf 81' lang='lat' dir='ltr'>nicht,</span> 
     </span>
     <span class='ocr_line' id='line_1_27' title="bbox 229 1642 892 1684; baseline 0.002 -12"><span class='ocrx_word' id='word_1_185' title='bbox 229 1643 292 1673; x_wconf 72' lang='lat' dir='ltr'>wie</span> <span class='ocrx_word' id='word_1_186' title='bbox 315 1653 386 1673; x_wconf 82' lang='lat' dir='ltr'>mun</span> <span class='ocrx_word' id='word_1_187' title='bbox 413 1644 491 1673; x_wconf 74' lang='lat' dir='ltr'>nach</span> <span class='ocrx_word' id='word_1_188' title='bbox 518 1645 599 1673; x_wconf 81' lang='lat' dir='ltr'>ro&#39;m.</span> <span class='ocrx_word' id='word_1_189' title='bbox 619 1642 798 1683; x_wconf 74' lang='lat' dir='ltr'>ssegrili&#39;en,</span> <span class='ocrx_word' id='word_1_190' title='bbox 817 1653 842 1673; x_wconf 88' lang='lat' dir='ltr'>s.</span> <span class='ocrx_word' id='word_1_191' title='bbox 863 1643 892 1684; x_wconf 78' lang='lat'>7,</span> 
     </span>
     <span class='ocr_line' id='line_1_28' title="bbox 228 1687 892 1729; baseline 0 -11"><span class='ocrx_word' id='word_1_192' title='bbox 228 1687 327 1728; x_wconf 81' lang='lat'>2,12;</span> <span class='ocrx_word' id='word_1_193' title='bbox 348 1687 428 1729; x_wconf 76' lang='lat' dir='ltr'>Nep.</span> <span class='ocrx_word' id='word_1_194' title='bbox 444 1687 550 1718; x_wconf 83' lang='lat' dir='ltr'>Praef.</span> <span class='ocrx_word' id='word_1_195' title='bbox 567 1688 597 1726; x_wconf 84' lang='lat'>5,</span> <span class='ocrx_word' id='word_1_196' title='bbox 617 1689 706 1719; x_wconf 77' lang='lat' dir='ltr'>h&#39;a&#39;tte</span> <span class='ocrx_word' id='word_1_197' title='bbox 725 1692 892 1719; x_wconf 84' lang='lat' dir='ltr'>erwarten</span> 
     </span>
     <span class='ocr_line' id='line_1_29' title="bbox 228 1732 894 1771; baseline 0.002 -9"><span class='ocrx_word' id='word_1_198' title='bbox 228 1732 366 1763; x_wconf 69' lang='lat' dir='ltr'>konnen.</span> <span class='ocrx_word' id='word_1_199' title='bbox 386 1751 428 1754; x_wconf 96' lang='lat'><strong>—</strong></span> <span class='ocrx_word' id='word_1_200' title='bbox 446 1732 530 1763; x_wconf 75' lang='lat' dir='ltr'>nihil</span> <span class='ocrx_word' id='word_1_201' title='bbox 547 1736 585 1771; x_wconf 81' lang='lat' dir='ltr'>t.,</span> <span class='ocrx_word' id='word_1_202' title='bbox 611 1733 716 1763; x_wconf 80' lang='lat' dir='ltr'>niclits</span> <span class='ocrx_word' id='word_1_203' title='bbox 740 1743 808 1763; x_wconf 84' lang='lat' dir='ltr'>was</span> <span class='ocrx_word' id='word_1_204' title='bbox 835 1733 894 1763; x_wconf 84' lang='lat' dir='ltr'>mit</span> 
     </span>
     <span class='ocr_line' id='line_1_30' title="bbox 228 1777 891 1819; baseline 0 -11"><span class='ocrx_word' id='word_1_205' title='bbox 228 1778 299 1808; x_wconf 89' lang='lat' dir='ltr'>dem</span> <span class='ocrx_word' id='word_1_206' title='bbox 309 1777 891 1819; x_wconf 69' lang='lat' dir='ltr'>Schauspielerwesen,Musik,Tanz</span> 
     </span>
     <span class='ocr_line' id='line_1_31' title="bbox 228 1822 892 1863; baseline 0.002 -11"><span class='ocrx_word' id='word_1_207' title='bbox 228 1833 260 1854; x_wconf 94' lang='lat' dir='ltr'>u.</span> <span class='ocrx_word' id='word_1_208' title='bbox 279 1833 305 1853; x_wconf 90' lang='lat' dir='ltr'>s.</span> <span class='ocrx_word' id='word_1_209' title='bbox 324 1832 364 1853; x_wconf 80' lang='lat' dir='ltr'>w.</span> <span class='ocrx_word' id='word_1_210' title='bbox 389 1823 419 1853; x_wconf 88' lang='lat' dir='ltr'>in</span> <span class='ocrx_word' id='word_1_211' title='bbox 440 1823 654 1863; x_wconf 76' lang='lat' dir='ltr'>Verbindung</span> <span class='ocrx_word' id='word_1_212' title='bbox 673 1824 771 1855; x_wconf 84' lang='lat' dir='ltr'>steht.</span> <span class='ocrx_word' id='word_1_213' title='bbox 810 1822 892 1853; x_wconf 85' lang='lat' dir='ltr'>Zuin</span> 
     </span>
     <span class='ocr_line' id='line_1_32' title="bbox 228 1867 892 1908; baseline 0.002 -11"><span class='ocrx_word' id='word_1_214' title='bbox 228 1868 414 1905; x_wconf 88' lang='lat' dir='ltr'>Ausdruck,</span> <span class='ocrx_word' id='word_1_215' title='bbox 433 1868 497 1907; x_wconf 78' lang='lat' dir='ltr'>vgl.</span> <span class='ocrx_word' id='word_1_216' title='bbox 517 1867 576 1907; x_wconf 78' lang='grc'>23,</span> <span class='ocrx_word' id='word_1_217' title='bbox 596 1869 631 1905; x_wconf 68' lang='grc'>1),</span> <span class='ocrx_word' id='word_1_218' title='bbox 651 1870 687 1905; x_wconf 65' lang='lat'>93</span> <span class='ocrx_word' id='word_1_219' title='bbox 713 1868 765 1908; x_wconf 76' lang='grc'>27,</span> <span class='ocrx_word' id='word_1_220' title='bbox 783 1867 836 1905; x_wconf 84' lang='grc'>31,</span> <span class='ocrx_word' id='word_1_221' title='bbox 856 1868 892 1898; x_wconf 79' lang='lat'>2:</span> 
     </span>
     <span class='ocr_line' id='line_1_33' title="bbox 229 1912 894 1956; baseline 0.002 -13"><span class='ocrx_word' id='word_1_222' title='bbox 229 1915 284 1953; x_wconf 77' lang='lat' dir='ltr'>qui</span> <span class='ocrx_word' id='word_1_223' title='bbox 300 1912 381 1943; x_wconf 66' lang='lat' dir='ltr'>nihil</span> <span class='ocrx_word' id='word_1_224' title='bbox 395 1912 458 1944; x_wconf 83' lang='lat' dir='ltr'>tale</span> <span class='ocrx_word' id='word_1_225' title='bbox 476 1916 679 1944; x_wconf 72' lang='lat' dir='ltr'>metuerant.</span> <span class='ocrx_word' id='word_1_226' title='bbox 698 1932 739 1935; x_wconf 87' lang='lat'><strong>—</strong></span> <span class='ocrx_word' id='word_1_227' title='bbox 745 1915 894 1956; x_wconf 76' lang='lat' dir='ltr'>priorem</span> 
     </span>
    </p>
   </div>
   <div class='ocr_carea' id='block_1_7' title="bbox 229 1957 894 2044">
    <p class='ocr_par' dir='ltr' id='par_1_7' title="bbox 229 1957 894 2044">
     <span class='ocr_line' id='line_1_34' title="bbox 229 1957 894 2001; baseline 0.003 -14"><span class='ocrx_word' id='word_1_228' title='bbox 229 1957 273 1988; x_wconf 88' lang='lat' dir='ltr'>ist</span> <span class='ocrx_word' id='word_1_229' title='bbox 295 1957 324 1987; x_wconf 92' lang='lat' dir='ltr'>in</span> <span class='ocrx_word' id='word_1_230' title='bbox 352 1958 412 1988; x_wconf 84' lang='lat' dir='ltr'>den</span> <span class='ocrx_word' id='word_1_231' title='bbox 432 1958 510 1989; x_wconf 65' lang='lat' dir='ltr'>Hxls.</span> <span class='ocrx_word' id='word_1_232' title='bbox 533 1957 749 1997; x_wconf 71' lang='lat' dir='ltr'>ausgel&#39;allen.</span> <span class='ocrx_word' id='word_1_233' title='bbox 772 1961 843 2001; x_wconf 79' lang='lat' dir='ltr'>pot.</span> <span class='ocrx_word' id='word_1_234' title='bbox 868 1968 894 1989; x_wconf 90' lang='lat' dir='ltr'>S.</span> 
     </span>
     <span class='ocr_line' id='line_1_35' title="bbox 230 2002 726 2044; baseline -0.002 -11"><span class='ocrx_word' id='word_1_235' title='bbox 230 2012 255 2033; x_wconf 90' lang='lat' dir='ltr'>c.</span> <span class='ocrx_word' id='word_1_236' title='bbox 275 2002 304 2042; x_wconf 83' lang='lat' dir='ltr'>S,</span> <span class='ocrx_word' id='word_1_237' title='bbox 327 2002 376 2033; x_wconf 91' lang='grc'>11.</span> <span class='ocrx_word' id='word_1_238' title='bbox 395 2021 432 2025; x_wconf 90' lang='lat'>-—</span> <span class='ocrx_word' id='word_1_239' title='bbox 456 2003 578 2042; x_wconf 74' lang='lat' dir='ltr'>defert,</span> <span class='ocrx_word' id='word_1_240' title='bbox 597 2003 625 2044; x_wconf 83' lang='lat'>2,</span> <span class='ocrx_word' id='word_1_241' title='bbox 646 2003 675 2041; x_wconf 79' lang='grc'>4,</span> <span class='ocrx_word' id='word_1_242' title='bbox 696 2002 726 2033; x_wconf 79' lang='grc'>6.</span> 
     </span>
    </p>
   </div>
   <div class='ocr_carea' id='block_1_8' title="bbox 220 2046 898 2443">
    <p class='ocr_par' dir='ltr' id='par_1_8' title="bbox 220 2046 898 2443">
     <span class='ocr_line' id='line_1_36' title="bbox 274 2046 894 2087; baseline 0.002 -11"><span class='ocrx_word' id='word_1_243' title='bbox 274 2046 382 2077; x_wconf 73' lang='grc'>4-8.</span> <span class='ocrx_word' id='word_1_244' title='bbox 409 2050 575 2087; x_wconf 66' lang='lat' dir='ltr'>seniores,</span> <span class='ocrx_word' id='word_1_245' title='bbox 601 2058 626 2079; x_wconf 81' lang='lat' dir='ltr'>s,</span> <span class='ocrx_word' id='word_1_246' title='bbox 651 2059 679 2077; x_wconf 84' lang='lat' dir='ltr'>c.</span> <span class='ocrx_word' id='word_1_247' title='bbox 703 2047 760 2085; x_wconf 65' lang='lat'>25,</span> <span class='ocrx_word' id='word_1_248' title='bbox 785 2046 823 2083; x_wconf 79' lang='lat' dir='ltr'>S,</span> <span class='ocrx_word' id='word_1_249' title='bbox 843 2046 894 2077; x_wconf 88' lang='lat' dir='ltr'>die</span> 
     </span>
     <span class='ocr_line' id='line_1_37' title="bbox 229 2091 894 2131; baseline -0.003 -9"><span class='ocrx_word' id='word_1_250' title='bbox 229 2092 502 2131; x_wconf 68' lang='lat' dir='ltr'>Angesohvnsten</span> <span class='ocrx_word' id='word_1_251' title='bbox 524 2093 581 2122; x_wconf 82' lang='lat' dir='ltr'>wie</span> <span class='ocrx_word' id='word_1_252' title='bbox 601 2092 721 2122; x_wconf 64' lang='lat' dir='ltr'>innam</span> <span class='ocrx_word' id='word_1_253' title='bbox 740 2092 790 2122; x_wconf 82' lang='lat' dir='ltr'>die</span> <span class='ocrx_word' id='word_1_254' title='bbox 806 2091 894 2121; x_wconf 91' lang='lat' dir='ltr'>Con—</span> 
     </span>
     <span class='ocr_line' id='line_1_38' title="bbox 230 2136 894 2175; baseline -0.002 -8"><span class='ocrx_word' id='word_1_255' title='bbox 230 2136 459 2175; x_wconf 61' lang='lat' dir='ltr'>s11121re11,x-g1.</span> <span class='ocrx_word' id='word_1_256' title='bbox 480 2137 506 2173; x_wconf 81' lang='grc'>1,</span> <span class='ocrx_word' id='word_1_257' title='bbox 522 2137 574 2173; x_wconf 78' lang='lat'>51,</span> <span class='ocrx_word' id='word_1_258' title='bbox 591 2136 620 2167; x_wconf 75' lang='lat'>4.</span> <span class='ocrx_word' id='word_1_259' title='bbox 648 2136 817 2173; x_wconf 67' lang='lat' dir='ltr'>Derllatli,</span> <span class='ocrx_word' id='word_1_260' title='bbox 833 2136 894 2166; x_wconf 69' lang='lat' dir='ltr'>den</span> 
     </span>
     <span class='ocr_line' id='line_1_39' title="bbox 230 2180 893 2220; baseline -0.002 -9"><span class='ocrx_word' id='word_1_261' title='bbox 230 2182 321 2211; x_wconf 81' lang='lat' dir='ltr'>diese</span> <span class='ocrx_word' id='word_1_262' title='bbox 340 2180 461 2220; x_wconf 73' lang='lat' dir='ltr'>geben,</span> <span class='ocrx_word' id='word_1_263' title='bbox 481 2181 610 2212; x_wconf 72' lang='lat' dir='ltr'>hvzieiit</span> <span class='ocrx_word' id='word_1_264' title='bbox 628 2182 693 2211; x_wconf 72' lang='lat' dir='ltr'>sicli</span> <span class='ocrx_word' id='word_1_265' title='bbox 714 2181 893 2211; x_wconf 78' lang='lat' dir='ltr'>besonders</span> 
     </span>
     <span class='ocr_line' id='line_1_40' title="bbox 230 2225 892 2268; baseline 0 -12"><span class='ocrx_word' id='word_1_266' title='bbox 230 2225 554 2266; x_wconf 69' lang='lat' dir='ltr'>aufinterfecernnl,</span> <span class='ocrx_word' id='word_1_267' title='bbox 572 2236 666 2256; x_wconf 76' lang='lat' dir='ltr'>wozn</span> <span class='ocrx_word' id='word_1_268' title='bbox 683 2236 793 2268; x_wconf 76' lang='lat' dir='ltr'>praes.</span> <span class='ocrx_word' id='word_1_269' title='bbox 814 2236 844 2255; x_wconf 81' lang='grc' dir='ltr'>(ι.</span> <span class='ocrx_word' id='word_1_270' title='bbox 862 2226 892 2265; x_wconf 79' lang='lat' dir='ltr'>f.</span> 
     </span>
     <span class='ocr_line' id='line_1_41' title="bbox 227 2270 894 2314; baseline 0.001 -15"><span class='ocrx_word' id='word_1_271' title='bbox 227 2282 317 2314; x_wconf 61' lang='lat' dir='ltr'>pos„</span> <span class='ocrx_word' id='word_1_272' title='bbox 344 2281 406 2301; x_wconf 83' lang='grc'><strong>11111·</strong></span> <span class='ocrx_word' id='word_1_273' title='bbox 423 2272 473 2301; x_wconf 70' lang='lat' dir='ltr'>di&lt;-</span> <span class='ocrx_word' id='word_1_274' title='bbox 493 2270 738 2309; x_wconf 66' lang='lat' dir='ltr'>Vorbvreitung</span> <span class='ocrx_word' id='word_1_275' title='bbox 757 2271 894 2301; x_wconf 66' lang='lat' dir='ltr'>enthiilt.</span> 
     </span>
     <span class='ocr_line' id='line_1_42' title="bbox 220 2315 896 2356; baseline 0 -11"><span class='ocrx_word' id='word_1_276' title='bbox 220 2318 337 2356; x_wconf 76' lang='lat' dir='ltr'>sores,</span> <span class='ocrx_word' id='word_1_277' title='bbox 351 2316 410 2346; x_wconf 77' lang='lat' dir='ltr'>der</span> <span class='ocrx_word' id='word_1_278' title='bbox 425 2316 522 2347; x_wconf 73' lang='lat' dir='ltr'>Curi«¹</span> <span class='ocrx_word' id='word_1_279' title='bbox 539 2316 599 2345; x_wconf 71' lang='lat' dir='ltr'>uie</span> <span class='ocrx_word' id='word_1_280' title='bbox 615 2317 671 2346; x_wconf 77' lang='lat' dir='ltr'>(lus</span> <span class='ocrx_word' id='word_1_281' title='bbox 689 2316 782 2354; x_wconf 66' lang='lat' dir='ltr'>Folg.</span> <span class='ocrx_word' id='word_1_282' title='bbox 799 2315 896 2353; x_wconf 73' lang='lat' dir='ltr'>zeigt.</span> 
     </span>
     <span class='ocr_line' id='line_1_43' title="bbox 231 2360 896 2403; baseline -0.003 -11"><span class='ocrx_word' id='word_1_283' title='bbox 231 2379 274 2383; x_wconf 88' lang='lat'>-—</span> <span class='ocrx_word' id='word_1_284' title='bbox 297 2362 337 2392; x_wconf 78' lang='lat' dir='ltr'>ab</span> <span class='ocrx_word' id='word_1_285' title='bbox 360 2371 413 2397; x_wconf 78' lang='lat' dir='ltr'>re,</span> <span class='ocrx_word' id='word_1_286' title='bbox 439 2361 469 2391; x_wconf 89' lang='lat' dir='ltr'>in</span> <span class='ocrx_word' id='word_1_287' title='bbox 498 2360 610 2401; x_wconf 72' lang='lat' dir='ltr'>Fulge.</span> <span class='ocrx_word' id='word_1_288' title='bbox 633 2379 678 2383; x_wconf 71' lang='lat'>-—</span> <span class='ocrx_word' id='word_1_289' title='bbox 699 2363 730 2391; x_wconf 81' lang='grc' dir='ltr'><em>ιή</em></span> <span class='ocrx_word' id='word_1_290' title='bbox 755 2362 896 2403; x_wconf 72' lang='lat' dir='ltr'>speeiem</span> 
     </span>
     <span class='ocr_line' id='line_1_44' title="bbox 231 2405 898 2443; baseline 0 -8"><span class='ocrx_word' id='word_1_291' title='bbox 231 2406 313 2437; x_wconf 87' lang='lat' dir='ltr'>wird</span> <span class='ocrx_word' id='word_1_292' title='bbox 345 2407 444 2436; x_wconf 73' lang='lat' dir='ltr'>‹lurch</span> <span class='ocrx_word' id='word_1_293' title='bbox 475 2416 613 2437; x_wconf 66' lang='lat' dir='ltr'>emmam</span> <span class='ocrx_word' id='word_1_294' title='bbox 638 2406 713 2436; x_wconf 71' lang='lat' dir='ltr'>aliis</span> <span class='ocrx_word' id='word_1_295' title='bbox 738 2406 802 2443; x_wconf 71' lang='lat' dir='ltr'>(die</span> <span class='ocrx_word' id='word_1_296' title='bbox 823 2405 898 2435; x_wconf 78' lang='lat' dir='ltr'>Mit-</span> 
     </span>
    </p>
   </div>
   <div class='ocr_carea' id='block_1_9' title="bbox 230 2451 899 2490">
    <p class='ocr_par' dir='ltr' id='par_1_9' title="bbox 230 2451 899 2490">
     <span class='ocr_line' id='line_1_45' title="bbox 230 2451 899 2490; baseline -0.001 -9"><span class='ocrx_word' id='word_1_297' title='bbox 230 2451 359 2490; x_wconf 73' lang='lat' dir='ltr'>glivder</span> <span class='ocrx_word' id='word_1_298' title='bbox 373 2451 430 2481; x_wconf 77' lang='lat' dir='ltr'>des</span> <span class='ocrx_word' id='word_1_299' title='bbox 448 2451 568 2481; x_wconf 68' lang='lat' dir='ltr'>llatlies</span> <span class='ocrx_word' id='word_1_300' title='bbox 582 2461 700 2481; x_wconf 69' lang='lat' dir='ltr'>ausser</span> <span class='ocrx_word' id='word_1_301' title='bbox 714 2451 772 2481; x_wconf 79' lang='lat' dir='ltr'>den</span> <span class='ocrx_word' id='word_1_302' title='bbox 789 2451 899 2480; x_wconf 70' lang='lat' dir='ltr'>sonsu-</span> 
     </span>
    </p>
   </div>
   <div class='ocr_carea' id='block_1_10' title="bbox 229 2496 897 2715">
    <p class='ocr_par' dir='ltr' id='par_1_10' title="bbox 229 2496 897 2715">
     <span class='ocr_line' id='line_1_46' title="bbox 231 2496 895 2535; baseline -0.002 -9"><span class='ocrx_word' id='word_1_303' title='bbox 231 2498 304 2532; x_wconf 58' lang='grc' dir='ltr'>φης)</span> <span class='ocrx_word' id='word_1_304' title='bbox 328 2498 564 2535; x_wconf 45' lang='lat' dir='ltr'>devorantibns</span> <span class='ocrx_word' id='word_1_305' title='bbox 593 2497 694 2526; x_wconf 76' lang='lat' dir='ltr'>niilwr</span> <span class='ocrx_word' id='word_1_306' title='bbox 717 2496 895 2526; x_wconf 74' lang='lat' dir='ltr'>bestimnit:</span> 
     </span>
     <span class='ocr_line' id='line_1_47' title="bbox 233 2539 896 2582; baseline 0 -12"><span class='ocrx_word' id='word_1_307' title='bbox 233 2539 286 2570; x_wconf 74' lang='lat' dir='ltr'>fiir</span> <span class='ocrx_word' id='word_1_308' title='bbox 314 2541 404 2571; x_wconf 64' lang='lat' dir='ltr'>dies·—</span> <span class='ocrx_word' id='word_1_309' title='bbox 429 2539 499 2571; x_wconf 67' lang='lat' dir='ltr'>&#39;war</span> <span class='ocrx_word' id='word_1_310' title='bbox 523 2541 573 2572; x_wconf 67' lang='lat' dir='ltr'>&lt;lie</span> <span class='ocrx_word' id='word_1_311' title='bbox 594 2542 713 2582; x_wconf 65' lang='lat' dir='ltr'>sache,</span> <span class='ocrx_word' id='word_1_312' title='bbox 748 2540 821 2570; x_wconf 70' lang='lat' dir='ltr'>weil</span> <span class='ocrx_word' id='word_1_313' title='bbox 849 2540 896 2570; x_wconf 77' lang='lat' dir='ltr'>sie</span> 
     </span>
     <span class='ocr_line' id='line_1_48' title="bbox 231 2585 897 2626; baseline 0 -11"><span class='ocrx_word' id='word_1_314' title='bbox 231 2586 291 2615; x_wconf 75' lang='grc'><strong>(1(-11</strong></span> <span class='ocrx_word' id='word_1_315' title='bbox 312 2585 422 2616; x_wconf 69' lang='lat' dir='ltr'>(ii-und</span> <span class='ocrx_word' id='word_1_316' title='bbox 451 2587 537 2617; x_wconf 77' lang='lat' dir='ltr'>nirlit</span> <span class='ocrx_word' id='word_1_317' title='bbox 555 2591 717 2626; x_wconf 70' lang='lat' dir='ltr'>wussten,</span> <span class='ocrx_word' id='word_1_318' title='bbox 741 2585 897 2616; x_wconf 75' lang='lat' dir='ltr'>sclireek-</span> 
     </span>
     <span class='ocr_line' id='line_1_49' title="bbox 229 2630 896 2663; baseline 0 -3"><span class='ocrx_word' id='word_1_319' title='bbox 229 2630 343 2663; x_wconf 72' lang='lat' dir='ltr'>lic-her,</span> <span class='ocrx_word' id='word_1_320' title='bbox 363 2631 512 2661; x_wconf 68' lang='lat' dir='ltr'>erschion</span> <span class='ocrx_word' id='word_1_321' title='bbox 533 2632 626 2661; x_wconf 81' lang='lat' dir='ltr'>ilincn</span> <span class='ocrx_word' id='word_1_322' title='bbox 647 2631 727 2661; x_wconf 79' lang='lat' dir='ltr'>noch</span> <span class='ocrx_word' id='word_1_323' title='bbox 742 2630 896 2661; x_wconf 76' lang='lat' dir='ltr'>schreck-</span> 
     </span>
     <span class='ocr_line' id='line_1_50' title="bbox 231 2674 895 2715; baseline 0 -10"><span class='ocrx_word' id='word_1_324' title='bbox 231 2674 334 2705; x_wconf 73' lang='lat' dir='ltr'>lirher</span> <span class='ocrx_word' id='word_1_325' title='bbox 358 2676 423 2712; x_wconf 73' lang='lat' dir='ltr'>(als</span> <span class='ocrx_word' id='word_1_326' title='bbox 443 2676 490 2707; x_wconf 86' lang='lat' dir='ltr'>sie</span> <span class='ocrx_word' id='word_1_327' title='bbox 509 2687 544 2707; x_wconf 83' lang='lat' dir='ltr'>cs</span> <span class='ocrx_word' id='word_1_328' title='bbox 568 2677 597 2707; x_wconf 87' lang='lat' dir='ltr'>in</span> <span class='ocrx_word' id='word_1_329' title='bbox 624 2677 683 2707; x_wconf 84' lang='lat' dir='ltr'>der</span> <span class='ocrx_word' id='word_1_330' title='bbox 700 2674 786 2707; x_wconf 70' lang='lat' dir='ltr'>&#39;sliat</span> <span class='ocrx_word' id='word_1_331' title='bbox 802 2677 895 2715; x_wconf 83' lang='lat' dir='ltr'>war),</span> 
     </span>
    </p>
   </div>
   <div class='ocr_carea' id='block_1_11' title="bbox 964 1505 1635 1679">
    <p class='ocr_par' dir='ltr' id='par_1_11' title="bbox 964 1505 1635 1679">
     <span class='ocr_line' id='line_1_51' title="bbox 965 1505 1635 1539; baseline 0 -1"><span class='ocrx_word' id='word_1_332' title='bbox 965 1508 1049 1539; x_wconf 87' lang='lat' dir='ltr'>denu</span> <span class='ocrx_word' id='word_1_333' title='bbox 1068 1505 1122 1538; x_wconf 79' lang='lat' dir='ltr'>fiir</span> <span class='ocrx_word' id='word_1_334' title='bbox 1139 1508 1190 1538; x_wconf 87' lang='lat' dir='ltr'>die</span> <span class='ocrx_word' id='word_1_335' title='bbox 1209 1507 1361 1539; x_wconf 88' lang='lat' dir='ltr'>seniores</span> <span class='ocrx_word' id='word_1_336' title='bbox 1375 1507 1440 1538; x_wconf 90' lang='lat' dir='ltr'>und</span> <span class='ocrx_word' id='word_1_337' title='bbox 1459 1507 1490 1538; x_wconf 91' lang='lat' dir='ltr'>in</span> <span class='ocrx_word' id='word_1_338' title='bbox 1515 1505 1635 1538; x_wconf 89' lang='lat' dir='ltr'>Wirk—</span> 
     </span>
     <span class='ocr_line' id='line_1_52' title="bbox 964 1552 1635 1590; baseline -0.003 -6"><span class='ocrx_word' id='word_1_339' title='bbox 964 1553 1102 1584; x_wconf 84' lang='lat' dir='ltr'>lichkeit</span> <span class='ocrx_word' id='word_1_340' title='bbox 1116 1563 1185 1584; x_wconf 86' lang='lat' dir='ltr'>war</span> <span class='ocrx_word' id='word_1_341' title='bbox 1203 1553 1250 1583; x_wconf 89' lang='lat' dir='ltr'>sie</span> <span class='ocrx_word' id='word_1_342' title='bbox 1270 1553 1358 1583; x_wconf 82' lang='lat' dir='ltr'>nicht</span> <span class='ocrx_word' id='word_1_343' title='bbox 1376 1552 1592 1590; x_wconf 68' lang='lat' dir='ltr'>schrecfflich,</span> <span class='ocrx_word' id='word_1_344' title='bbox 1607 1561 1635 1582; x_wconf 86' lang='lat' dir='ltr'>s.</span> 
     </span>
     <span class='ocr_line' id='line_1_53' title="bbox 964 1597 1635 1639; baseline -0.003 -10"><span class='ocrx_word' id='word_1_345' title='bbox 964 1597 985 1639; x_wconf 64' lang='grc' dir='ltr'>ξ</span> <span class='ocrx_word' id='word_1_346' title='bbox 1009 1597 1043 1629; x_wconf 85' lang='grc'>8;</span> <span class='ocrx_word' id='word_1_347' title='bbox 1075 1601 1144 1629; x_wconf 76' lang='lat' dir='ltr'>tam</span> <span class='ocrx_word' id='word_1_348' title='bbox 1173 1599 1248 1629; x_wconf 76' lang='lat' dir='ltr'>iure</span> <span class='ocrx_word' id='word_1_349' title='bbox 1277 1599 1375 1629; x_wconf 75' lang='lat' dir='ltr'>caesi.</span> <span class='ocrx_word' id='word_1_350' title='bbox 1405 1597 1635 1639; x_wconf 84' lang='lat' dir='ltr'>Coinparative</span> 
     </span>
     <span class='ocr_line' id='line_1_54' title="bbox 966 1642 1633 1679; baseline -0.003 -5"><span class='ocrx_word' id='word_1_351' title='bbox 966 1644 1076 1674; x_wconf 86' lang='lat' dir='ltr'>dieser</span> <span class='ocrx_word' id='word_1_352' title='bbox 1096 1644 1159 1674; x_wconf 85' lang='lat' dir='ltr'>Art</span> <span class='ocrx_word' id='word_1_353' title='bbox 1178 1644 1250 1673; x_wconf 90' lang='lat' dir='ltr'>sind</span> <span class='ocrx_word' id='word_1_354' title='bbox 1270 1643 1320 1673; x_wconf 83' lang='lat' dir='ltr'>bei</span> <span class='ocrx_word' id='word_1_355' title='bbox 1340 1643 1376 1674; x_wconf 95' lang='lat' dir='ltr'>L.</span> <span class='ocrx_word' id='word_1_356' title='bbox 1404 1643 1491 1673; x_wconf 84' lang='lat' dir='ltr'>nicht</span> <span class='ocrx_word' id='word_1_357' title='bbox 1510 1642 1633 1679; x_wconf 87' lang='lat' dir='ltr'>selten,</span> 
     </span>
    </p>
   </div>
   <div class='ocr_carea' id='block_1_12' title="bbox 965 1686 1636 1818">
    <p class='ocr_par' dir='ltr' id='par_1_12' title="bbox 965 1686 1636 1818">
     <span class='ocr_line' id='line_1_55' title="bbox 966 1686 1635 1730; baseline -0.001 -12"><span class='ocrx_word' id='word_1_358' title='bbox 966 1698 992 1719; x_wconf 86' lang='lat' dir='ltr'>s.</span> <span class='ocrx_word' id='word_1_359' title='bbox 1015 1688 1064 1727; x_wconf 86' lang='lat'>10,</span> <span class='ocrx_word' id='word_1_360' title='bbox 1085 1687 1183 1727; x_wconf 78' lang='lat'>28,6:</span> <span class='ocrx_word' id='word_1_361' title='bbox 1210 1688 1351 1724; x_wconf 76' lang='lat' dir='ltr'>lentior;</span> <span class='ocrx_word' id='word_1_362' title='bbox 1373 1687 1403 1729; x_wconf 86' lang='lat'>2,</span> <span class='ocrx_word' id='word_1_363' title='bbox 1429 1687 1482 1725; x_wconf 86' lang='grc'>60,</span> <span class='ocrx_word' id='word_1_364' title='bbox 1501 1686 1535 1717; x_wconf 86' lang='lat'>3:</span> <span class='ocrx_word' id='word_1_365' title='bbox 1560 1686 1635 1730; x_wconf 81' lang='lat' dir='ltr'>pla-</span> 
     </span>
     <span class='ocr_line' id='line_1_56' title="bbox 966 1732 1636 1773; baseline -0.003 -9"><span class='ocrx_word' id='word_1_366' title='bbox 966 1735 1093 1770; x_wconf 73' lang='lat' dir='ltr'>catio7·;</span> <span class='ocrx_word' id='word_1_367' title='bbox 1136 1732 1195 1772; x_wconf 82' lang='lat'>39,</span> <span class='ocrx_word' id='word_1_368' title='bbox 1230 1733 1289 1772; x_wconf 85' lang='lat'>53,</span> <span class='ocrx_word' id='word_1_369' title='bbox 1334 1732 1367 1763; x_wconf 81' lang='lat'>8:</span> <span class='ocrx_word' id='word_1_370' title='bbox 1412 1732 1566 1773; x_wconf 79' lang='lat' dir='ltr'>inflatior</span> <span class='ocrx_word' id='word_1_371' title='bbox 1603 1742 1636 1762; x_wconf 92' lang='lat' dir='ltr'>u.</span> 
     </span>
     <span class='ocr_line' id='line_1_57' title="bbox 965 1777 1636 1818; baseline -0.003 -9"><span class='ocrx_word' id='word_1_372' title='bbox 965 1789 994 1809; x_wconf 87' lang='lat' dir='ltr'>a.</span> <span class='ocrx_word' id='word_1_373' title='bbox 1014 1797 1057 1800; x_wconf 91' lang='lat'><strong>—</strong></span> <span class='ocrx_word' id='word_1_374' title='bbox 1075 1778 1201 1817; x_wconf 76' lang='lat' dir='ltr'>ordine,</span> <span class='ocrx_word' id='word_1_375' title='bbox 1222 1777 1276 1818; x_wconf 85' lang='grc'>22,</span> <span class='ocrx_word' id='word_1_376' title='bbox 1296 1778 1325 1817; x_wconf 78' lang='lat'>7,</span> <span class='ocrx_word' id='word_1_377' title='bbox 1347 1777 1398 1808; x_wconf 90' lang='grc'>11.</span> <span class='ocrx_word' id='word_1_378' title='bbox 1412 1796 1457 1800; x_wconf 83' lang='grc'><strong>-</strong></span> <span class='ocrx_word' id='word_1_379' title='bbox 1477 1780 1511 1808; x_wconf 81' lang='lat' dir='ltr'>et</span> <span class='ocrx_word' id='word_1_380' title='bbox 1527 1777 1636 1807; x_wconf 83' lang='lat' dir='ltr'>wahr-</span> 
     </span>
    </p>
   </div>
   <div class='ocr_carea' id='block_1_13' title="bbox 966 1822 1640 2131">
    <p class='ocr_par' dir='ltr' id='par_1_13' title="bbox 966 1822 1640 2131">
     <span class='ocr_line' id='line_1_58' title="bbox 966 1822 1640 1854; baseline -0.001 0"><span class='ocrx_word' id='word_1_381' title='bbox 966 1823 1144 1854; x_wconf 85' lang='lat' dir='ltr'>scheiulich</span> <span class='ocrx_word' id='word_1_382' title='bbox 1171 1823 1283 1854; x_wconf 83' lang='lat' dir='ltr'>wollte</span> <span class='ocrx_word' id='word_1_383' title='bbox 1301 1823 1338 1853; x_wconf 90' lang='lat' dir='ltr'>L.</span> <span class='ocrx_word' id='word_1_384' title='bbox 1366 1823 1418 1853; x_wconf 76' lang='lat' dir='ltr'>ein</span> <span class='ocrx_word' id='word_1_385' title='bbox 1443 1822 1582 1853; x_wconf 83' lang='lat' dir='ltr'>zweites</span> <span class='ocrx_word' id='word_1_386' title='bbox 1604 1823 1640 1853; x_wconf 78' lang='lat' dir='ltr'>et</span> 
     </span>
     <span class='ocr_line' id='line_1_59' title="bbox 966 1866 1635 1908; baseline -0.003 -9"><span class='ocrx_word' id='word_1_387' title='bbox 966 1867 1075 1908; x_wconf 84' lang='lat' dir='ltr'>folgeu</span> <span class='ocrx_word' id='word_1_388' title='bbox 1091 1868 1213 1907; x_wconf 82' lang='lat' dir='ltr'>lassen,</span> <span class='ocrx_word' id='word_1_389' title='bbox 1229 1868 1290 1908; x_wconf 81' lang='lat' dir='ltr'>gab</span> <span class='ocrx_word' id='word_1_390' title='bbox 1303 1868 1383 1899; x_wconf 86' lang='lat' dir='ltr'>aber</span> <span class='ocrx_word' id='word_1_391' title='bbox 1392 1868 1451 1898; x_wconf 89' lang='lat' dir='ltr'>der</span> <span class='ocrx_word' id='word_1_392' title='bbox 1460 1867 1549 1899; x_wconf 82' lang='lat' dir='ltr'>Rede</span> <span class='ocrx_word' id='word_1_393' title='bbox 1564 1866 1635 1898; x_wconf 88' lang='lat' dir='ltr'>eine</span> 
     </span>
     <span class='ocr_line' id='line_1_60' title="bbox 967 1911 1636 1952; baseline -0.003 -8"><span class='ocrx_word' id='word_1_394' title='bbox 967 1915 1090 1945; x_wconf 87' lang='lat' dir='ltr'>andere</span> <span class='ocrx_word' id='word_1_395' title='bbox 1102 1913 1290 1952; x_wconf 54' lang='lat' dir='ltr'>XVendung.</span> <span class='ocrx_word' id='word_1_396' title='bbox 1310 1913 1455 1952; x_wconf 76' lang='lat' dir='ltr'>Doering</span> <span class='ocrx_word' id='word_1_397' title='bbox 1469 1913 1532 1943; x_wconf 87' lang='lat' dir='ltr'>und</span> <span class='ocrx_word' id='word_1_398' title='bbox 1543 1911 1636 1943; x_wconf 85' lang='lat' dir='ltr'>Mad-</span> 
     </span>
     <span class='ocr_line' id='line_1_61' title="bbox 966 1956 1634 1998; baseline -0.001 -9"><span class='ocrx_word' id='word_1_399' title='bbox 966 1959 1021 1998; x_wconf 79' lang='lat' dir='ltr'>vig</span> <span class='ocrx_word' id='word_1_400' title='bbox 1039 1959 1160 1989; x_wconf 84' lang='lat' dir='ltr'>wollen</span> <span class='ocrx_word' id='word_1_401' title='bbox 1179 1962 1212 1989; x_wconf 78' lang='lat' dir='ltr'>et</span> <span class='ocrx_word' id='word_1_402' title='bbox 1228 1959 1344 1998; x_wconf 82' lang='lat' dir='ltr'>tilgeu.</span> <span class='ocrx_word' id='word_1_403' title='bbox 1361 1976 1407 1981; x_wconf 89' lang='lat'>—</span> <span class='ocrx_word' id='word_1_404' title='bbox 1427 1956 1543 1998; x_wconf 77' lang='lat' dir='ltr'>Gelon,</span> <span class='ocrx_word' id='word_1_405' title='bbox 1562 1967 1588 1988; x_wconf 89' lang='lat' dir='ltr'>s.</span> <span class='ocrx_word' id='word_1_406' title='bbox 1607 1967 1634 1988; x_wconf 89' lang='lat' dir='ltr'>c.</span> 
     </span>
     <span class='ocr_line' id='line_1_62' title="bbox 968 2001 1637 2041; baseline -0.004 -7"><span class='ocrx_word' id='word_1_407' title='bbox 968 2004 999 2041; x_wconf 84' lang='lat'>5,</span> <span class='ocrx_word' id='word_1_408' title='bbox 1020 2002 1050 2034; x_wconf 87' lang='lat'>3.</span> <span class='ocrx_word' id='word_1_409' title='bbox 1068 2021 1111 2026; x_wconf 75' lang='lat'>——</span> <span class='ocrx_word' id='word_1_410' title='bbox 1127 2005 1205 2041; x_wconf 75' lang='lat' dir='ltr'>iam,</span> <span class='ocrx_word' id='word_1_411' title='bbox 1225 2001 1348 2041; x_wconf 84' lang='lat' dir='ltr'>serner,</span> <span class='ocrx_word' id='word_1_412' title='bbox 1365 2012 1391 2033; x_wconf 90' lang='lat' dir='ltr'>s.</span> <span class='ocrx_word' id='word_1_413' title='bbox 1411 2013 1438 2033; x_wconf 86' lang='lat' dir='ltr'>c..</span> <span class='ocrx_word' id='word_1_414' title='bbox 1460 2001 1573 2040; x_wconf 86' lang='lat'>10,10.</span> <span class='ocrx_word' id='word_1_415' title='bbox 1592 2019 1637 2024; x_wconf 84' lang='lat'><strong>—</strong></span> 
     </span>
     <span class='ocr_line' id='line_1_63' title="bbox 966 2046 1636 2086; baseline -0.001 -8"><span class='ocrx_word' id='word_1_416' title='bbox 966 2057 1154 2086; x_wconf 56' lang='lat' dir='ltr'>mercena„</span> <span class='ocrx_word' id='word_1_417' title='bbox 1184 2048 1249 2077; x_wconf 84' lang='lat' dir='ltr'>wol</span> <span class='ocrx_word' id='word_1_418' title='bbox 1275 2048 1325 2077; x_wconf 79' lang='lat' dir='ltr'>(lie</span> <span class='ocrx_word' id='word_1_419' title='bbox 1349 2046 1556 2085; x_wconf 80' lang='lat' dir='ltr'>Leibwache,</span> <span class='ocrx_word' id='word_1_420' title='bbox 1586 2046 1636 2077; x_wconf 80' lang='lat' dir='ltr'>als</span> 
     </span>
     <span class='ocr_line' id='line_1_64' title="bbox 969 2092 1638 2131; baseline -0.001 -9"><span class='ocrx_word' id='word_1_421' title='bbox 969 2093 1041 2122; x_wconf 83' lang='lat' dir='ltr'>eine</span> <span class='ocrx_word' id='word_1_422' title='bbox 1057 2092 1238 2123; x_wconf 79' lang='lat' dir='ltr'>besondere</span> <span class='ocrx_word' id='word_1_423' title='bbox 1250 2092 1452 2131; x_wconf 78' lang='lat' dir='ltr'>Abtlieilung</span> <span class='ocrx_word' id='word_1_424' title='bbox 1466 2092 1524 2122; x_wconf 83' lang='lat' dir='ltr'>der</span> <span class='ocrx_word' id='word_1_425' title='bbox 1537 2092 1638 2123; x_wconf 70' lang='lat' dir='ltr'>amri-</span> 
     </span>
    </p>
   </div>
   <div class='ocr_carea' id='block_1_14' title="bbox 964 2136 1641 2314">
    <p class='ocr_par' dir='ltr' id='par_1_14' title="bbox 964 2136 1641 2314">
     <span class='ocr_line' id='line_1_65' title="bbox 967 2136 1637 2178; baseline 0 -11"><span class='ocrx_word' id='word_1_426' title='bbox 967 2136 1069 2167; x_wconf 70' lang='lat' dir='ltr'>lim-es</span> <span class='ocrx_word' id='word_1_427' title='bbox 1087 2136 1105 2176; x_wconf 64' lang='grc' dir='ltr'>ξ</span> <span class='ocrx_word' id='word_1_428' title='bbox 1127 2137 1156 2167; x_wconf 76' lang='grc'>7.</span> <span class='ocrx_word' id='word_1_429' title='bbox 1173 2155 1218 2159; x_wconf 82' lang='grc'><strong>-</strong></span> <span class='ocrx_word' id='word_1_430' title='bbox 1235 2139 1293 2168; x_wconf 77' lang='lat' dir='ltr'>vir.</span> <span class='ocrx_word' id='word_1_431' title='bbox 1313 2147 1416 2178; x_wconf 52' lang='lat' dir='ltr'>arm„</span> <span class='ocrx_word' id='word_1_432' title='bbox 1440 2137 1637 2176; x_wconf 75' lang='lat' dir='ltr'>allgemeiue</span> 
     </span>
     <span class='ocr_line' id='line_1_66' title="bbox 970 2182 1637 2221; baseline 0.001 -10"><span class='ocrx_word' id='word_1_433' title='bbox 970 2182 1201 2221; x_wconf 74' lang='lat' dir='ltr'>Bezeielinung</span> <span class='ocrx_word' id='word_1_434' title='bbox 1224 2182 1282 2212; x_wconf 84' lang='lat' dir='ltr'>der</span> <span class='ocrx_word' id='word_1_435' title='bbox 1305 2183 1426 2212; x_wconf 73' lang='lat' dir='ltr'>voi-her</span> <span class='ocrx_word' id='word_1_436' title='bbox 1444 2182 1637 2213; x_wconf 77' lang='lat' dir='ltr'>erwiilinten</span> 
     </span>
     <span class='ocr_line' id='line_1_67' title="bbox 968 2226 1641 2270; baseline 0 -13"><span class='ocrx_word' id='word_1_437' title='bbox 968 2226 1133 2267; x_wconf 76' lang='lat' dir='ltr'>Truppen,</span> <span class='ocrx_word' id='word_1_438' title='bbox 1155 2237 1180 2257; x_wconf 85' lang='lat' dir='ltr'>s.</span> <span class='ocrx_word' id='word_1_439' title='bbox 1199 2228 1228 2265; x_wconf 73' lang='grc' dir='ltr'>ἵ),</span> <span class='ocrx_word' id='word_1_440' title='bbox 1247 2226 1299 2266; x_wconf 76' lang='lat'>37,</span> <span class='ocrx_word' id='word_1_441' title='bbox 1320 2227 1351 2258; x_wconf 70' lang='lat'>4.</span> <span class='ocrx_word' id='word_1_442' title='bbox 1366 2245 1410 2249; x_wconf 69' lang='lat'>—</span> <span class='ocrx_word' id='word_1_443' title='bbox 1423 2237 1485 2270; x_wconf 78' lang='lat' dir='ltr'>per</span> <span class='ocrx_word' id='word_1_444' title='bbox 1502 2238 1530 2268; x_wconf 88' lang='lat' dir='ltr'>q.</span> <span class='ocrx_word' id='word_1_445' title='bbox 1546 2241 1591 2252; x_wconf 86' lang='lat'>=</span> <span class='ocrx_word' id='word_1_446' title='bbox 1607 2228 1641 2258; x_wconf 75' lang='lat' dir='ltr'>et</span> 
     </span>
     <span class='ocr_line' id='line_1_68' title="bbox 964 2270 1640 2314; baseline 0 -12"><span class='ocrx_word' id='word_1_447' title='bbox 964 2282 1027 2314; x_wconf 79' lang='lat' dir='ltr'>per</span> <span class='ocrx_word' id='word_1_448' title='bbox 1045 2283 1138 2312; x_wconf 73' lang='lat' dir='ltr'>qnos.</span> <span class='ocrx_word' id='word_1_449' title='bbox 1155 2290 1199 2294; x_wconf 86' lang='lat'><strong>—</strong></span> <span class='ocrx_word' id='word_1_450' title='bbox 1216 2282 1324 2311; x_wconf 64' lang='lat' dir='ltr'>ager„</span> <span class='ocrx_word' id='word_1_451' title='bbox 1342 2270 1536 2311; x_wconf 78' lang='lat' dir='ltr'>ausgessihrt</span> <span class='ocrx_word' id='word_1_452' title='bbox 1554 2282 1640 2303; x_wconf 83' lang='lat' dir='ltr'>wer-</span> 
     </span>
    </p>
   </div>
   <div class='ocr_carea' id='block_1_15' title="bbox 970 2316 1642 2717">
    <p class='ocr_par' dir='ltr' id='par_1_15' title="bbox 971 2316 1639 2445">
     <span class='ocr_line' id='line_1_69' title="bbox 971 2316 1638 2358; baseline 0.003 -13"><span class='ocrx_word' id='word_1_453' title='bbox 971 2317 1030 2346; x_wconf 77' lang='lat' dir='ltr'>den</span> <span class='ocrx_word' id='word_1_454' title='bbox 1053 2316 1160 2347; x_wconf 79' lang='lat' dir='ltr'>sollte.</span> <span class='ocrx_word' id='word_1_455' title='bbox 1180 2334 1223 2339; x_wconf 86' lang='lat'>——</span> <span class='ocrx_word' id='word_1_456' title='bbox 1238 2320 1324 2347; x_wconf 74' lang='lat' dir='ltr'>et—</span> <span class='ocrx_word' id='word_1_457' title='bbox 1337 2317 1440 2358; x_wconf 64' lang='lat' dir='ltr'>quid„</span> <span class='ocrx_word' id='word_1_458' title='bbox 1459 2317 1562 2357; x_wconf 82' lang='lat' dir='ltr'>Folge</span> <span class='ocrx_word' id='word_1_459' title='bbox 1580 2317 1638 2347; x_wconf 85' lang='lat' dir='ltr'>des</span> 
     </span>
     <span class='ocr_line' id='line_1_70' title="bbox 971 2361 1639 2402; baseline 0.001 -10"><span class='ocrx_word' id='word_1_460' title='bbox 971 2361 1176 2400; x_wconf 55' lang='lat' dir='ltr'>Vox-bergen.</span> <span class='ocrx_word' id='word_1_461' title='bbox 1196 2363 1261 2392; x_wconf 85' lang='lat' dir='ltr'>und</span> <span class='ocrx_word' id='word_1_462' title='bbox 1276 2362 1498 2402; x_wconf 76' lang='lat' dir='ltr'>Einr&#39;a‘uinung</span> <span class='ocrx_word' id='word_1_463' title='bbox 1512 2373 1551 2393; x_wconf 88' lang='lat' dir='ltr'>zu</span> <span class='ocrx_word' id='word_1_464' title='bbox 1567 2363 1639 2393; x_wconf 85' lang='lat' dir='ltr'>dem</span> 
     </span>
     <span class='ocr_line' id='line_1_71' title="bbox 971 2405 1319 2445; baseline 0.003 -9"><span class='ocrx_word' id='word_1_465' title='bbox 971 2405 1079 2445; x_wconf 56' lang='lat' dir='ltr'>Fotg„</span> <span class='ocrx_word' id='word_1_466' title='bbox 1098 2417 1123 2436; x_wconf 79' lang='lat' dir='ltr'>s.</span> <span class='ocrx_word' id='word_1_467' title='bbox 1144 2406 1196 2443; x_wconf 71' lang='grc'>27,</span> <span class='ocrx_word' id='word_1_468' title='bbox 1216 2406 1268 2440; x_wconf 67' lang='grc'>31,</span> <span class='ocrx_word' id='word_1_469' title='bbox 1288 2408 1319 2437; x_wconf 73' lang='lat'>2.</span> 
     </span>
    </p>

    <p class='ocr_par' dir='ltr' id='par_1_16' title="bbox 970 2452 1642 2717">
     <span class='ocr_line' id='line_1_72' title="bbox 1016 2452 1640 2492; baseline 0.003 -11"><span class='ocrx_word' id='word_1_470' title='bbox 1016 2452 1046 2481; x_wconf 72' lang='lat'>9.</span> <span class='ocrx_word' id='word_1_471' title='bbox 1066 2454 1188 2492; x_wconf 72' lang='lat' dir='ltr'>variae,</span> <span class='ocrx_word' id='word_1_472' title='bbox 1205 2452 1232 2482; x_wconf 88' lang='lat' dir='ltr'>iu</span> <span class='ocrx_word' id='word_1_473' title='bbox 1244 2453 1344 2483; x_wconf 82' lang='lat' dir='ltr'>ilircin</span> <span class='ocrx_word' id='word_1_474' title='bbox 1354 2452 1480 2483; x_wconf 80' lang='lat' dir='ltr'>Urtheil</span> <span class='ocrx_word' id='word_1_475' title='bbox 1492 2453 1640 2483; x_wconf 83' lang='lat' dir='ltr'>schwan-</span> 
     </span>
     <span class='ocr_line' id='line_1_73' title="bbox 970 2495 1639 2538; baseline 0.004 -13"><span class='ocrx_word' id='word_1_476' title='bbox 970 2495 1072 2533; x_wconf 78' lang='lat' dir='ltr'>kend,</span> <span class='ocrx_word' id='word_1_477' title='bbox 1106 2497 1185 2527; x_wconf 72' lang='lat' dir='ltr'>oder</span> <span class='ocrx_word' id='word_1_478' title='bbox 1215 2498 1429 2528; x_wconf 74' lang='lat' dir='ltr'>verscliieden</span> <span class='ocrx_word' id='word_1_479' title='bbox 1462 2497 1639 2538; x_wconf 70' lang='lat' dir='ltr'>gestimmt,</span> 
     </span>
     <span class='ocr_line' id='line_1_74' title="bbox 970 2541 1641 2579; baseline 0.004 -8"><span class='ocrx_word' id='word_1_480' title='bbox 970 2541 1037 2579; x_wconf 65' lang='lat' dir='ltr'>vgl.</span> <span class='ocrx_word' id='word_1_481' title='bbox 1054 2541 1119 2571; x_wconf 81' lang='lat' dir='ltr'>Cic.</span> <span class='ocrx_word' id='word_1_482' title='bbox 1136 2541 1226 2573; x_wconf 69' lang='lat' dir='ltr'>Lael.</span> <span class='ocrx_word' id='word_1_483' title='bbox 1242 2543 1361 2579; x_wconf 51' lang='lat'>2292:</span> <span class='ocrx_word' id='word_1_484' title='bbox 1380 2543 1514 2573; x_wconf 73' lang='lat' dir='ltr'>animus</span> <span class='ocrx_word' id='word_1_485' title='bbox 1528 2561 1569 2564; x_wconf 97' lang='lat'><strong>—</strong></span> <span class='ocrx_word' id='word_1_486' title='bbox 1584 2553 1641 2574; x_wconf 76' lang='lat' dir='ltr'>va-</span> 
     </span>
     <span class='ocr_line' id='line_1_75' title="bbox 970 2587 1640 2629; baseline 0.001 -12"><span class='ocrx_word' id='word_1_487' title='bbox 970 2588 1057 2625; x_wconf 73' lang='lat' dir='ltr'>rias,</span> <span class='ocrx_word' id='word_1_488' title='bbox 1083 2587 1336 2625; x_wconf 72' lang='lat' dir='ltr'>eonnnutahsl1&#39;s,</span> <span class='ocrx_word' id='word_1_489' title='bbox 1364 2587 1552 2629; x_wconf 67' lang='lat' dir='ltr'>mzllle&#39;pleoe,</span> <span class='ocrx_word' id='word_1_490' title='bbox 1576 2588 1640 2618; x_wconf 84' lang='lat' dir='ltr'>wie</span> 
     </span>
     <span class='ocr_line' id='line_1_76' title="bbox 971 2632 1639 2675; baseline 0.003 -15"><span class='ocrx_word' id='word_1_491' title='bbox 971 2632 1235 2671; x_wconf 73' lang='lat' dir='ltr'>variasorlcma,</span> <span class='ocrx_word' id='word_1_492' title='bbox 1256 2634 1396 2664; x_wconf 71' lang='lat' dir='ltr'>victorin</span> <span class='ocrx_word' id='word_1_493' title='bbox 1412 2634 1492 2673; x_wconf 69' lang='lat' dir='ltr'>u.ii.,</span> <span class='ocrx_word' id='word_1_494' title='bbox 1509 2633 1574 2672; x_wconf 83' lang='lat' dir='ltr'>vgl.</span> <span class='ocrx_word' id='word_1_495' title='bbox 1585 2632 1639 2675; x_wconf 83' lang='lat'>35,</span> 
     </span>
     <span class='ocr_line' id='line_1_77' title="bbox 970 2674 1642 2717; baseline 0.007 -12"><span class='ocrx_word' id='word_1_496' title='bbox 970 2674 1027 2717; x_wconf 85' lang='lat'>31,</span> <span class='ocrx_word' id='word_1_497' title='bbox 1055 2676 1110 2706; x_wconf 81' lang='lat'>13:</span> <span class='ocrx_word' id='word_1_498' title='bbox 1140 2679 1303 2709; x_wconf 71' lang='lat' dir='ltr'>variantis</span> <span class='ocrx_word' id='word_1_499' title='bbox 1330 2677 1573 2710; x_wconf 73' lang='lat' dir='ltr'>multitudinis.</span> <span class='ocrx_word' id='word_1_500' title='bbox 1598 2696 1642 2701; x_wconf 89' lang='lat'><em>-</em></span> 
     </span>
    </p>
   </div>
   <div class='ocr_carea' id='block_1_16' title="bbox 1664 866 1704 898">
    <p class='ocr_par' dir='ltr' id='par_1_17' title="bbox 1664 866 1704 898">
     <span class='ocr_line' id='line_1_78' title="bbox 1664 866 1704 898; baseline 0 0"><span class='ocrx_word' id='word_1_501' title='bbox 1664 866 1704 898; x_wconf 89' lang='lat'>10</span> 
     </span>
    </p>
   </div>
   <div class='ocr_carea' id='block_1_17' title="bbox 1665 1154 1704 1186">
    <p class='ocr_par' dir='ltr' id='par_1_18' title="bbox 1665 1154 1704 1186">
     <span class='ocr_line' id='line_1_79' title="bbox 1665 1154 1704 1186; baseline 0 0"><span class='ocrx_word' id='word_1_502' title='bbox 1665 1154 1704 1186; x_wconf 88' lang='lat'>15</span> 
     </span>
    </p>
   </div>
  </div>
 </body>
</html>
