1784 2967
71 885 112 918 10

74 1168 113 1200 15

143 280 168 297 a.
185 271 238 298 ch.
255 273 316 296 214.
571 260 696 293 LIBER
714 259 841 292 XXIV.
874 260 967 293 CAP.
987 260 1040 293 27.
1058 261 1112 292 28.

139 365 247 416 pium
277 363 495 410 Claudium,
524 368 561 402 et
586 362 790 414 inpetratis
818 362 872 400 eis
900 361 1012 408 alios,
1041 363 1105 413 qui
1137 363 1183 402 de
1208 362 1363 402 foedere
1389 362 1546 413 antiquo

139 420 362 460 renovando
386 425 553 471 agerent,
576 419 735 458 missos.
775 418 821 457 ad
839 419 1094 469 Murgantiam
1111 424 1195 458 tum
1213 420 1375 458 classem
1392 418 1547 457 navium

141 483 293 517 centum
317 477 518 516 Romanus
539 475 713 523 habebat,
735 487 904 526 quonam
926 475 1130 514 evaderent
1149 481 1282 514 motus
1304 489 1349 514 ex
1366 475 1547 514 caedibus

139 539 394 586 tyrannorum
417 534 491 572 orti
513 532 732 584 Syracusis,
756 544 880 582 quove
901 543 968 570 eos
990 537 1120 582 ageret
1139 544 1238 570 nova
1260 538 1372 583 atque
1394 532 1548 571 insolita

140 591 308 637 libertas,
331 590 549 641 opperiens.
590 589 664 628 Per
685 589 843 627 eosdem
866 589 948 627 dies
971 601 1059 627 cum
1083 589 1129 627 ad
1148 588 1367 627 Marcellum
1390 589 1546 627 venien-

139 652 218 686 tem
244 648 284 686 in
304 647 469 685 Siciliam
492 644 605 696 legati
627 645 858 697 Syracusani
881 644 990 684 missi
1011 645 1058 683 ab
1081 645 1207 696 Appio
1230 650 1377 691 essent,
1407 645 1548 684 auditis

141 703 436 743 condicionibus
458 702 563 754 pacis
580 702 795 747 Marcellus,
816 715 934 753 posse
950 714 1032 740 rem
1050 701 1256 740 convenire
1271 707 1391 748 ratus,
1414 708 1450 740 et
1464 701 1549 752 ipse

139 760 286 811 legatos
305 760 525 811 Syracusas,
548 759 613 811 qui
635 771 764 798 coram
788 771 875 797 cum
898 758 1144 810 praetoribus
1161 758 1208 796 de
1224 758 1446 796 renovando
1462 758 1547 796 foe-

140 817 229 855 dere
249 821 418 867 agerent,
440 816 558 854 misit.
599 821 636 854 et
656 816 731 854 iam
754 815 806 854 ibi
826 828 1068 866 nequaquam
1091 815 1224 853 eadem
1247 815 1355 865 quies
1378 827 1421 853 ac
1441 820 1548 853 tran—

141 873 304 924 quillitas
333 879 424 912 erat.
471 878 681 923 postquam
702 872 886 910 Punicam
910 872 1071 910 classem
1093 870 1305 910 accessisse
1325 871 1549 922 Pachynum

141 930 294 969 allatum
323 935 399 976 est,
429 929 587 980 dempto
615 929 756 967 timore
776 928 1033 980 Hippocrates
1056 934 1092 966 et
1111 927 1300 978 Epicydes
1321 939 1425 966 nunc
1446 927 1550 978 apud

139 986 430 1025 mercennarios
453 986 591 1024 milites
612 997 718 1024 nunc
739 986 840 1036 apud
862 985 1082 1035 transfugas
1103 985 1218 1035 prodi
1234 983 1413 1023 Romano
1432 984 1550 1035 Syra-

142 1056 254 1082 cusas
284 1042 599 1082 criminabantur.
644 1047 687 1080 ut
714 1055 803 1080 vero
831 1042 979 1092 Appius
1007 1053 1122 1079 naves
1150 1041 1197 1079 ad
1224 1041 1369 1078 ostium
1396 1046 1548 1091 portus,

144 1112 220 1150 quo
244 1099 335 1138 aliae
356 1098 477 1150 partis
500 1098 723 1137 hominibus
746 1099 898 1137 animus
920 1098 1134 1143 accederet,
1157 1097 1196 1135 in
1218 1096 1386 1135 statione
1409 1097 1548 1135 habere

144 1155 286 1207 coepit,
313 1155 450 1207 ingens
479 1156 517 1193 in
545 1155 712 1206 speciem
742 1154 965 1193 criminibus
992 1154 1098 1192 vanis
1124 1159 1340 1192 accesserat
1360 1153 1474 1199 fides3
1506 1166 1549 1192 ac

140 1213 266 1263 primo
288 1212 400 1251 etiam
422 1212 661 1250 tumultuose
683 1212 906 1250 decurrerat
925 1210 1131 1249 multitudo
1153 1210 1199 1249 ad
1217 1210 1494 1261 prohibendos,
1515 1210 1548 1249 si

139 1268 178 1307 in
201 1273 341 1307 terram
363 1268 647 1318 egrederentur.

252 1325 294 1363 In
321 1325 392 1363 hac
417 1324 636 1363 turbatione
663 1336 791 1363 rerum
820 1324 857 1362 in
881 1324 1104 1363 contionem
1132 1323 1259 1362 vocari
1287 1323 1440 1374 placuit.
1481 1323 1547 1362 ubi
1574 1336 1584 1345 ·

141 1393 227 1420 cum
251 1381 312 1420 alii
334 1381 406 1420 alio
428 1381 647 1429 tenderent,
666 1393 740 1420 nec
760 1381 894 1432 procul
917 1381 1108 1420 seditione
1129 1392 1190 1418 res
1212 1384 1326 1427 esset,
1346 1380 1549 1431 Apolloni-

143 1516 222 1558 griff
240 1516 444 1548 verschoben
470 1517 617 1548 werden.
639 1534 684 1538 —
708 1515 808 1548 Mur-

140 1564 236 1603 gant.
256 1562 339 1593 wird
357 1562 430 1593 hier
446 1562 496 1593 als
515 1561 687 1600 Seestadt,
712 1566 807 1592 sonst

144 1607 272 1638 iiberall
303 1607 352 1638 als
377 1608 498 1638 weiter
529 1608 570 1638 im
597 1606 724 1647 Laude,
757 1617 807 1638 am

144 1652 288 1694 Chrysas
322 1653 402 1684 oder
432 1652 631 1695 Symaethus
664 1652 807 1692 liegend,

145 1698 304 1737 erwiihnt,
323 1696 456 1729 worauf
469 1698 551 1729 auch
569 1697 732 1738 c.36,10;
753 1696 807 1737 26,

143 1742 198 1779 21,
219 1743 277 1782 14;
300 1743 337 1773 17
364 1743 546 1774 bindeutet.
581 1743 689 1773 Daher
706 1743 751 1773 ist
767 1752 808 1773 an

143 1798 174 1817 u.
191 1787 240 1818 St.
258 1788 325 1818 wol
343 1788 395 1818 ein
413 1787 554 1818 lrrthum
568 1786 635 1818 L's.
654 1788 735 1818 oder
752 1788 812 1818 der

145 1831 368 1863 Abschreiber
389 1833 624 1863 anzunehmen.
651 1850 696 1854 —
726 1834 810 1863 cent.

145 1886 238 1914 naza,
267 1887 292 1907 s.
319 1888 346 1908 c.
375 1877 424 1918 11,
443 1876 474 1907 7.
497 1894 542 1899 —
574 1879 810 1919 tyrannorum,

147 1921 197 1952 die
215 1921 352 1953 Familie
370 1923 428 1953 des
446 1921 546 1963 Tyn,
570 1922 633 1953 wie
656 1921 682 1961 1,
703 1922 756 1961 39,
775 1921 811 1953 2:

145 1976 257 2008 reges.
272 1985 318 1989 ——
342 1978 462 2009 quove,
485 1976 510 1998 s.
532 1967 560 2006 1,
581 1967 610 2008 1,
630 1967 660 1998 7.
682 1985 728 1990 —-
755 1977 812 1998 eos

147 2022 178 2043 n.
197 2011 439 2054 Syracusanos.

193 2056 292 2088 6—7.
318 2057 528 2095 Marcellum,
550 2067 577 2088 s.
598 2068 625 2088 c.
645 2056 699 2098 21,
721 2056 750 2088 1.
767 2075 812 2079 —

146 2101 328 2134 Marcella-s·
353 2103 481 2134 scheint
505 2103 561 2134 des
582 2102 811 2142 Gegensatzes

146 2157 261 2188 wegen
279 2147 475 2179 absichtlich
491 2148 700 2179 wiederholt.
718 2166 762 2170 -—
780 2150 814 2179 et

147 2193 234 2232 iam,
259 2193 322 2223 wir
344 2193 480 2224 xviii-den
506 2193 601 2224 einen
622 2192 811 2233 Gegensatz

149 2238 241 2278 (at?)
260 2243 443 2269 erwarten:
462 2238 542 2269 aber
557 2238 595 2269 L.
614 2239 743 2269 scheiut
759 2238 811 2269 die

149 2282 367 2323 Schilderung
380 2284 472 2314 mehr
484 2282 598 2325 an§5:
611 2286 725 2315 mot-us
735 2288 811 2322 etc.,

147 2327 280 2359 worauf
299 2329 380 2360 auch
407 2328 522 2360 eadem
540 2329 728 2369 hindeutet,
753 2339 812 2359 an-

148 2372 307 2415 gekniipft
330 2384 371 2404 zu
395 2374 516 2413 haben,
540 2374 580 2405 da
604 2373 624 2415 ξ
643 2374 662 2404 6
679 2374 729 2405 als
746 2373 812 2405 Pa-

149 2420 304 2450 renthese
336 2419 524 2450 betrachtet
553 2419 685 2450 werden
715 2419 811 2461 kann,

149 2464 275 2495 welche
290 2474 352 2495 nur
368 2464 508 2501 erklart,
525 2464 589 2495 wie
603 2465 653 2495 die
664 2464 813 2496 Gesand-

151 2514 207 2540 ten
234 2520 275 2540 zu
299 2508 480 2540 Mercellus
503 2509 665 2540 kommen.
703 2509 812 2540 Eheu-

152 2563 187 2585 so
211 2555 289 2594 geht
312 2554 445 2597 dempto
467 2556 537 2586 tz'm.
555 2553 615 2585 auf
628 2553 649 2596 ξ
667 2554 687 2585 4
699 2557 812 2598 primo

152 2599 289 2630 zuriick.

197 2645 305 2676 s—9.
331 2644 432 2684 aliae,
460 2644 608 2685 obgleich
635 2645 703 2676 sich
722 2645 813 2677 diese

150 2687 250 2721 Form
268 2690 325 2721 des
341 2689 494 2722 Genitivs
511 2690 683 2722 bisweilen
701 2690 812 2733 findet,

881 1527 907 1547 s.
926 1515 964 1547 Z.
988 1515 1009 1558 ξ
1031 1516 1110 1556 140,
1150 1526 1186 1547 so
1226 1516 1270 1547 ist
1303 1516 1385 1547 doeh
1419 1526 1461 1546 zu
1493 1515 1550 1547 be-

881 1561 1048 1600 zweiseln,
1063 1562 1139 1593 dass
1154 1561 1191 1592 L.
1207 1561 1354 1592 dieselbe
1368 1561 1550 1601 gebraucht

881 1607 975 1646 habe,
994 1617 1021 1638 S.
1042 1606 1095 1646 28,
1114 1607 1144 1646 8,
1163 1606 1194 1645 2,
1213 1607 1396 1637 besonders
1415 1617 1476 1637 zur
1488 1606 1550 1637 Be-

882 1653 1066 1692 zeichnung
1094 1653 1153 1683 der
1177 1653 1240 1683 den
1264 1651 1407 1683 Rb'mern
1433 1656 1549 1683 treuen

881 1698 1009 1736 Partei,
1038 1698 1091 1728 die
1120 1708 1157 1728 er
1179 1697 1246 1728 wol
1276 1697 1356 1728 eber
1377 1696 1551 1729 Romanae

882 1744 943 1774 wie
962 1743 1014 1782 35,
1035 1742 1087 1783 50,
1107 1743 1145 1781 4;
1166 1743 1247 1774 oder
1263 1753 1363 1781 suae,
1389 1753 1416 1775 c.
1436 1741 1490 1783 29,
1509 1741 1549 1781 63

885 1787 938 1827 36,
958 1788 994 1826 93
1014 1788 1068 1827 35,
1089 1787 1142 1827 39,
1161 1788 1197 1818 4:
1215 1798 1298 1819 suae
1312 1789 1426 1830 pariis
1443 1788 1552 1819 homi-

883 1834 998 1869 nibus,
1017 1837 1164 1873 genannt
1186 1832 1289 1863 haben
1311 1833 1442 1871 wiirde3
1470 1833 1551 1863 oder

885 1882 971 1908 etwa
982 1877 1094 1920 fidae,
1112 1877 1272 1909 melioris.
1311 1877 1356 1909 Es
1380 1878 1465 1908 wird
1482 1877 1552 1909 Ita-

885 1923 960 1961 liae,
979 1934 1005 1954 S.
1025 1922 1082 1954 Sil.
1102 1922 1139 1954 It.
1157 1923 1207 1962 14,
1229 1923 1302 1963 107,
1322 1923 1402 1954 oder
1419 1923 1550 1965 dubiae,

886 1979 912 1999 s.
938 1979 964 1999 c.
984 1968 1043 2006 20,
1066 1967 1123 2007 133
1148 1968 1207 2007 39,
1227 1968 1264 2008 9,
1289 1969 1489 2000 vermuthet.
1506 1986 1552 1991 —

883 2014 921 2044 iu
944 2024 1048 2056 spec„
1074 2013 1125 2044 die
1150 2013 1460 2053 Glaubwiirdigkeit
1481 2023 1553 2044 war

885 2068 998 2098 grosS‚
1024 2058 1103 2089 aber
1124 2059 1204 2089 doch
1224 2070 1286 2090 nur
1304 2059 1490 2090 scheinbar.
1507 2076 1552 2081 —

885 2105 1052 2136 crz'mz'nz'b.
1068 2118 1113 2130 =
1129 2105 1433 2137 criminationibus.

930 2143 999 2180 28.
1032 2149 1141 2180 1—2.
1184 2151 1379 2182 turbatione
1409 2150 1464 2180 bat
1491 2159 1554 2180 nur

886 2195 968 2225 noch
988 2193 1118 2225 Gellius
1136 2194 1187 2235 19,
1204 2195 1232 2232 1,
1249 2195 1268 2226 6
1287 2196 1351 2226 und
1366 2194 1493 2236 Ulpian.
1508 2212 1552 2216 —

885 2241 920 2271 in
945 2242 1052 2280 cont.,
1082 2250 1108 2271 s.
1132 2239 1190 2280 37,
1215 2240 1276 2280 28,
1294 2240 1331 2271 3:
1358 2242 1498 2271 vocatur
1519 2242 1553 2270 in

886 2286 1076 2317 contionem
1092 2303 1136 2307 ——
1151 2286 1310 2328 populas,
1325 2285 1388 2316 wie
1406 2287 1438 2316 z'n
1453 2295 1553 2315 sena-

886 2333 961 2362 tum
983 2340 1117 2370 vocare,
1146 2331 1395 2370 gewohnlicher
1412 2329 1456 2360 ist
1473 2339 1552 2360 con—

885 2377 1010 2406 tionem
1034 2386 1162 2407 vocare.
1195 2394 1240 2398 -—-
1270 2377 1461 2418 principum
1483 2385 1552 2413 un„

888 2420 939 2460 10,
949 2420 979 2459 4,
992 2420 1025 2451 8:
1042 2424 1224 2464 pastorum
1241 2431 1350 2457 anusf
1367 2418 1551 2458 26,12,16;

884 2465 990 2505 11).33,
1005 2466 1039 2496 11
1053 2477 1061 2504 3
1081 2467 1344 2508 transfugarum
1359 2466 1477 2504 zmins5
1499 2464 1553 2504 37,

885 2510 935 2552 23,
946 2511 963 2542 7
974 2524 980 2542 :
990 2515 1258 2555 purpuratorum
1272 2521 1378 2549 unus,·
1389 2509 1480 2550 40,5,
1495 2509 1554 2549 103

885 2556 939 2595 42,
959 2556 1013 2595 23,
1033 2557 1069 2594 53
1089 2557 1152 2595 vgl.
1172 2556 1229 2593 22,
1246 2555 1299 2595 42,
1318 2555 1353 2586 4:
1372 2565 1461 2586 nnus
1479 2557 1553 2587 tur-

887 2603 946 2633 bae
968 2602 1147 2640 nn'litarz's;
1176 2601 1243 2640 vgl.
1268 2600 1303 2641 6,
1324 2600 1383 2639 40,
1403 2600 1438 2631 6:
1464 2611 1553 2632 unus

889 2646 1074 2686 Qniritium
1103 2645 1259 2688 quilibet,⁸
1293 2650 1398 2676 etwas
1431 2645 1552 2677 anders

887 2692 931 2723 ist
948 2696 1047 2723 unten
1066 2701 1094 2722 c.
1113 2691 1166 2729 44,
1182 2690 1214 2723 1:
1234 2693 1447 2723 excercituum
1465 2701 1553 2723 unus

1577 428 1595 458 5
