1784 2967
269 253 349 291 312

713 249 838 282 LIBER
865 249 996 282 XXIX.
1046 250 1137 283 CAP.
1163 249 1216 282 33.

1531 267 1555 285 a.
1568 267 1597 285 u.
1611 259 1674 286 550.

265 358 408 405 ageret,
425 364 512 391 cum
530 351 607 390 filio
625 351 758 390 iuvene
773 374 828 378 -—
844 363 987 390 nomen
1000 351 1179 391 Vermina
1195 357 1276 390 erat
1291 374 1346 380 —
1362 356 1470 403 parte
1486 352 1675 392 exercitus

265 411 385 449 missa
406 409 580 459 imperat,
602 412 643 446 ut
664 407 928 447 circumducto
951 409 1103 459 agmine
1123 409 1162 447 in
1185 421 1225 447 se
1245 408 1435 448 intentum
1457 409 1611 448 hostem
1628 409 1674 448 ab

219 473 239 505 2
268 471 375 516 tergo
405 464 570 503 invadat.
612 469 726 503 nocte
747 464 943 515 profectus
966 464 1162 510 Vermina,
1191 465 1255 515 qui
1277 478 1322 503 ex
1344 465 1493 504 occulto
1515 465 1674 515 adgres-

267 534 383 561 surus
412 525 510 568 erat,
537 521 691 572 Syphax
716 526 844 560 autem
872 521 1039 560 interdiu
1066 526 1199 573 aperto
1228 522 1380 568 itinere,
1400 526 1443 560 ut
1464 521 1528 572 qui
1551 522 1673 571 signis

216 584 236 615 3
267 577 427 617 conlatis
450 577 528 616 acie
550 577 799 616 dimicaturus
821 582 942 623 esset,
966 579 1086 616 movit
1107 583 1243 617 castra.
1282 577 1349 617 ubi
1369 583 1526 628 tempus
1547 577 1675 617 visum
1705 587 1722 618 5

269 639 339 681 est,
363 645 439 684 quo
462 634 686 685 pervenisse
707 634 783 672 iam
806 634 1064 672 circummissi
1085 633 1203 673 videri
1224 640 1416 684 poterant,
1438 639 1477 672 et
1496 634 1579 685 ipse
1599 634 1675 673 leni

264 690 359 729 clivo
387 690 534 729 ferente
555 690 600 728 ad
623 691 790 736 hostem,
814 702 901 729 cum
924 690 1167 729 multitudine
1185 691 1308 729 fretus
1330 696 1412 729 tum
1435 691 1674 741 praeparatis

263 747 309 786 ab
342 751 451 796 tergo
489 746 658 793 insidiis,
685 759 755 797 per
783 747 986 785 adversum
1013 751 1187 785 montem
1215 752 1380 786 erectam
1410 747 1530 785 aciem
1559 747 1674 786 ducit.

214 808 235 840 4
263 803 468 842 Masinissa
481 803 647 841 maxime
657 802 730 841 loci
742 802 898 853 fiducia,
910 815 987 853 quo
1002 803 1122 842 multo
1134 803 1314 854 aequiore
1327 808 1568 855 pugnaturus
1582 808 1674 850 erat,

265 864 304 898 et
334 860 418 910 ipse
448 859 584 909 derigit
606 872 714 897 suos.
756 864 865 897 atrox
887 859 1079 911 proelium
1101 865 1138 898 et
1159 860 1225 898 diu
1247 872 1389 911 anceps
1410 860 1502 906 fuit,
1531 860 1617 898 loco
1640 864 1677 898 et
1706 867 1760 899 10,

263 917 404 954 virtute
425 915 590 955 militum
613 915 875 962 Masinissam,
897 916 1154 963 multitudine,
1177 928 1274 966 quae
1295 917 1415 955 nimio
1438 916 1563 954 maior
1583 921 1676 963 erat,

214 979 234 1010 5
264 972 479 1024 Syphacem
507 973 670 1011 iuvante.
713 984 754 1010 ea
781 972 989 1011 multitudo
1018 973 1162 1017 divisa,
1185 985 1271 1010 cum
1295 985 1384 1023 pars
1412 985 1433 1011 a
1457 973 1586 1011 fronte
1606 985 1674 1011 ur-

264 1034 387 1079 geret,
409 1041 501 1079 pars
525 1029 571 1068 ab
595 1034 703 1078 tergo
726 1041 767 1066 se
791 1029 1120 1073 circumfudisset,
1148 1028 1349 1067 victoriam
1381 1029 1484 1067 haud
1516 1028 1674 1067 dubiam

264 1085 429 1136 Syphaci
452 1085 573 1130 dedit,
604 1092 640 1123 et
660 1097 708 1123 ne
730 1085 911 1136 effugium
935 1087 1088 1137 quidem
1110 1085 1267 1136 patebat
1286 1085 1377 1123 hinc
1397 1097 1417 1123 a
1438 1085 1565 1123 fronte
1587 1085 1676 1124 hinc

215 1150 235 1182 6
263 1141 309 1179 ab
331 1147 439 1191 tergo
461 1142 632 1180 inclusis.
663 1142 790 1192 itaque
812 1143 924 1180 ceteri
945 1142 1094 1193 pedites
1117 1141 1343 1192 equitesque
1358 1141 1458 1180 caesi
1475 1146 1538 1180 aut
1554 1141 1672 1192 capti,

264 1198 454 1236 ducentos
475 1199 597 1237 ferme
619 1198 768 1248 equites
785 1199 988 1238 Masinissa
1010 1199 1108 1237 circa
1125 1210 1166 1236 se
1183 1198 1436 1248 conglobatos
1454 1198 1676 1249 divisosque

262 1254 462 1293 turmatim
484 1255 521 1293 in
543 1255 613 1292 tris
646 1255 765 1304 partis
788 1267 992 1306 erumpere
1012 1254 1133 1300 iubet,
1155 1255 1241 1293 loco
1264 1254 1475 1304 praedicto,
1497 1255 1536 1292 in
1559 1267 1674 1305 quem

216 1321 234 1352 7
263 1323 309 1348 ex
337 1310 522 1361 dissipata
545 1310 791 1349 convenirent
810 1312 910 1362 fuga.
953 1312 1057 1362 ipse,
1086 1323 1159 1362 qua
1181 1311 1406 1359 intenderat,
1429 1311 1528 1349 inter
1549 1311 1674 1349 media

263 1366 337 1405 tela
369 1367 543 1406 hostium
579 1367 717 1414 evasit,
748 1367 844 1406 (luae
875 1373 1026 1407 turmae
1059 1368 1233 1406 haesere:
1263 1368 1380 1406 altera
1413 1372 1520 1406 metu
1549 1367 1674 1406 dedita

215 1433 234 1464 8
263 1423 380 1469 hosti,
403 1423 638 1474 pertinacior
658 1424 696 1461 in
718 1425 969 1474 repugnando
991 1424 1073 1462 telis
1096 1424 1234 1462 obruta
1255 1428 1292 1462 et
1307 1424 1455 1462 confixa
1478 1428 1547 1462 est.
1580 1423 1672 1462 Ver—

264 1479 428 1526 minam,
457 1492 581 1530 prope
618 1480 785 1530 vestig'ns
821 1481 1049 1525 instantem,
1080 1480 1119 1518 in
1146 1480 1216 1518 alia
1243 1485 1357 1530 atque
1386 1479 1455 1518 alia
1481 1480 1672 1519 flectendo

263 1600 308 1621 ex
324 1600 400 1631 occ„
417 1590 444 1631 1,
462 1590 512 1628 13,
531 1590 558 1621 l.
573 1608 618 1613 —
630 1590 787 1632 adgress.
801 1602 860 1630 ern,
875 1592 934 1622 der

261 1653 306 1657 —
323 1636 439 1674 sollte,
463 1636 547 1666 dazu
571 1636 737 1667 bestimmt
760 1646 847 1674 war,
873 1646 932 1667 an-

262 1680 338 1711 ders
368 1680 592 1712 dimicaturus
615 1684 716 1712 esset.
740 1699 784 1703 —
807 1684 846 1713 vt
868 1683 931 1722 qui,

261 1735 288 1756 S.
308 1736 335 1756 c.
355 1726 391 1765 6,
412 1725 448 1763 73
466 1725 524 1766 24,
546 1726 602 1764 12,
622 1726 675 1765 32,
694 1726 730 1764 8,
750 1725 802 1765 38,
824 1726 874 1765 18,
896 1727 931 1757 7:

261 1770 388 1809 consul,
405 1772 443 1801 ut
460 1773 517 1812 qui
532 1775 613 1808 etc.,
631 1771 700 1810 vgl.
722 1771 755 1809 1,
774 1771 831 1810 49,
849 1772 932 1801 3.—

258 1825 370 1858 perv„
402 1825 443 1846 an
483 1816 543 1846 den
575 1815 782 1846 bestimmten
813 1816 930 1857 Punkt,

261 1870 288 1891 s.
307 1860 367 1900 22,
394 1859 450 1898 18,
472 1860 502 1891 2.
520 1879 565 1883 —
581 1863 692 1892 visum
708 1879 752 1883 -——
769 1861 889 1899 rvt'cl'erz',
905 1872 931 1893 s.

261 1916 287 1936 c.
307 1905 359 1945 30,
380 1903 447 1943 3f.;
469 1905 522 1945 26,
541 1905 594 1945 44,
618 1906 629 1936 1
652 1917 682 1936 u.
701 1916 730 1937 a.
749 1924 792 1928 —
809 1906 884 1943 leni,
904 1916 932 1938 s.

260 1949 292 1989 6,
311 1950 371 1987 24,
392 1950 426 1981 1:
446 1950 530 1982 lenis
547 1952 588 1982 ab
604 1953 700 1992 tergo
718 1951 821 1983 clivus
839 1954 931 1990 erat3

260 1994 314 2035 25,
334 1994 386 2035 36,
406 1994 435 2036 6,
454 1996 519 2035 vgl.
536 1995 587 2037 21,
603 1995 655 2034 37,
670 1995 700 2026 3.
722 2015 763 2018 ——
781 1996 931 2039 parade.

259 2043 378 2080 mont„
400 2041 462 2071 den
481 2042 826 2080 entgegenstehenden
847 2041 933 2081 Berg

260 2085 405 2125 entlang,
422 2086 528 2126 hinan,
543 2086 662 2125 geho'rt
676 2097 716 2116 zu
731 2089 888 2124 erectam,
903 2097 930 2118 s.

260 2129 373 2171 Quint.
401 2130 436 2169 8,
461 2130 497 2170 4,
521 2131 558 2161 5:
580 2141 643 2173 per
663 2131 781 2173 plures
797 2131 931 2172 gradus

259 2175 477 2214 aseenderat3
497 2175 533 2206 L.
552 2176 588 2214 9,
607 2176 638 2215 3,
660 2177 690 2206 1;
707 2186 770 2219 pet·
786 2176 932 2208 adi-ersa

259 2223 426 2252 montium
444 2238 487 2242 —
505 2231 634 2252 eamus.

305 2265 403 2296 4—6.
430 2267 598 2308 aequiore,
613 2266 796 2307 giinstiger,
810 2266 863 2306 25,
881 2266 931 2307 13,

264 2310 315 2341 14.
332 2329 376 2332 —
393 2310 536 2352 deriget,
555 2322 582 2342 s.
601 2312 654 2349 21,
676 2312 726 2352 19,
749 2313 782 2350 1,
803 2312 856 2352 22,
879 2312 930 2352 19,

264 2355 315 2387 11.
334 2374 376 2378 —
393 2357 498 2387 nimio
514 2367 577 2396 m.,
601 2357 672 2387 eine
691 2358 783 2388 mehr
801 2357 851 2388 bei
869 2357 931 2387 den

260 2399 440 2432 Homikern
459 2402 522 2432 und
542 2403 582 2432 im
600 2402 848 2441 gewo‘hnlichen
867 2402 931 2433 Le-

260 2445 321 2476 ben
338 2446 593 2477 vorkommende
610 2446 833 2487 Verhindung,
853 2457 879 2478 s.
901 2447 930 2487 1,

262 2490 297 2530 2,
324 2490 360 2529 3,
387 2491 424 2528 2,
451 2491 509 2530 37,
535 2492 566 2522 4.
589 2510 632 2514 ——
658 2502 731 2523 cnm
755 2503 854 2534 pars,
879 2492 930 2523 ein

262 2545 364 2566 neuer
398 2536 528 2575 Grund,
562 2547 613 2567 um
648 2538 698 2568 die
732 2537 930 2577 Niederlnge

264 2579 457 2611 Masinissas
482 2592 521 2611 zu
540 2582 696 2612 erkliiren
716 2584 781 2613 und
799 2593 840 2613 zu
858 2587 930 2613 ent-

262 2625 465 2663 sehutdigen.
494 2644 538 2648 —
568 2630 758 2667 turmatim,
788 2638 824 2658 so
855 2628 930 2658 dass

257 2667 335 2708 jede
367 2670 571 2710 Abtheilung
603 2673 752 2704 mehr-ere
787 2672 931 2704 Turmen

1006 1591 1162 1629 enthielt,
1183 1591 1340 1631 iibrigens
1359 1592 1448 1622 steht
1464 1592 1553 1622 nicht
1570 1591 1676 1622 sowol

1006 1636 1222 1677 conglobatos
1250 1636 1300 1667 als
1329 1636 1519 1678 divisosque
1547 1641 1611 1667 etc.
1642 1636 1675 1667 in

1005 1681 1194 1720 Beziehung
1213 1692 1253 1712 zu
1271 1691 1447 1723 erumpere
1460 1686 1523 1712 etc.
1542 1699 1586 1703 —
1603 1681 1673 1712 loco

1003 1736 1076 1769 pr.,
1094 1726 1175 1768 App.
1194 1726 1215 1756 l.
1235 1726 1274 1757 l.:
1292 1723 1400 1761 αὐτὸς
1418 1722 1672 1768 ὑπεκρύπτετό

1005 1782 1082 1810 ποι,
1099 1772 1211 1815 μέχρι
1230 1772 1447 1803 συνέλθοιεν
1464 1769 1562 1813 αὐτῷ
1579 1789 1622 1794 —
1639 1769 1676 1806 ἐς

1003 1814 1043 1847 τὸ
1061 1819 1314 1860 συγκείμενον.
1327 1835 1371 1839 -—
1384 1827 1429 1848 eae
1442 1816 1560 1859 dissip.
1565 1816 1674 1858 fuga,

1004 1860 1063 1901 28,
1089 1860 1142 1901 20,
1168 1861 1198 1892 8.
1217 1880 1259 1883 -
1283 1872 1348 1903 qua
1362 1862 1505 1905 intend„
1530 1860 1590 1892 auf
1602 1862 1675 1892 dem

1004 1905 1124 1946 Wege,
1138 1907 1198 1937 der
1211 1906 1313 1946 Seite,
1330 1916 1379 1938 wo
1395 1918 1431 1938 er
1444 1906 1675 1946 beabsichtigt,

1003 1951 1055 1982 die
1082 1951 1242 1991 Richtung
1273 1962 1463 1992 genommen
1496 1953 1606 1990 hatte3
1638 1961 1674 1982 es

1003 1997 1087 2027 wird
1118 1997 1265 2036 weniger
1293 1998 1351 2028 das
1376 1996 1448 2028 Ziel
1473 1997 1676 2037 bezeichnet,

1004 2052 1073 2072 was
1091 2052 1154 2082 quo
1172 2046 1338 2073 erwarten
1354 2042 1465 2080 liesse,
1484 2052 1510 2072 s.
1527 2052 1554 2072 c.
1571 2041 1625 2081 30,
1643 2040 1673 2082 6,

1003 2086 1070 2125 vgl.
1090 2086 1150 2126 30,
1177 2086 1235 2125 32,
1260 2086 1298 2125 8,
1329 2087 1361 2126 1,
1381 2087 1433 2125 27,
1454 2086 1491 2125 6,
1511 2086 1541 2126 8,
1560 2085 1613 2126 36,
1633 2085 1671 2125 9,

1007 2130 1058 2168 10,
1080 2130 1130 2173 14,
1149 2131 1167 2161 4
1186 2142 1217 2162 u.
1237 2141 1266 2162 a.

1050 2176 1066 2206 7
1082 2175 1169 2207 —8.
1210 2176 1370 2216 haesere,
1403 2176 1549 2207 kounten
1587 2175 1675 2207 nicht

1004 2221 1270 2261 durchbrechen,
1295 2232 1321 2253 s.
1346 2221 1404 2261 22,
1431 2222 1466 2260 5,
1491 2221 1528 2251 5:
1555 2220 1675 2252 alic·—

1000 2266 1101 2308 globo
1130 2266 1215 2297 illati
1242 2267 1435 2298 haerebant.
1458 2283 1503 2288 —
1525 2267 1674 2309 perlina-

1003 2313 1087 2352 οῖον,
1111 2316 1194 2342 statt
1220 2311 1328 2344 altera
1350 2312 1426 2343 tritt
1450 2310 1595 2350 sogleich
1620 2311 1673 2341 die

1002 2356 1229 2388 bestimmtere
1245 2357 1473 2396 Bezeichnung
1487 2355 1674 2387 dieserAb-

1003 2402 1153 2441 theilung
1170 2402 1233 2441 ein,
1252 2413 1278 2433 s.
1297 2402 1349 2442 30,
1368 2402 1422 2441 35,
1441 2401 1476 2438 2,
1496 2400 1562 2441 vgl.
1582 2401 1626 2431 ib.
1641 2400 1672 2438 5,

1007 2446 1062 2485 10,
1086 2446 1139 2487 36,
1160 2447 1209 2487 12,
1225 2447 1262 2487 63
1283 2446 1313 2486 3,
1328 2447 1381 2486 37,
1396 2446 1429 2477 S:
1446 2447 1498 2477 die
1512 2447 1672 2486 dagegen,

1003 2492 1130 2523 welche
1158 2503 1189 2523 u.
1213 2502 1239 2523 s.
1264 2502 1304 2523 w.
1329 2490 1575 2533 —flectendo,
1603 2491 1672 2521 sich

1003 2538 1181 2576 wendend,
1205 2548 1230 2568 s.
1257 2536 1315 2576 28,
1342 2536 1398 2576 16,
1424 2536 1458 2573 3,
1484 2535 1519 2577 3,
1538 2534 1565 2576 8,
1585 2535 1620 2566 6;
1638 2537 1672 2566 in

1008 2581 1360 2624 Tusculanosfleoeere
1381 2580 1478 2612 colles
1489 2588 1507 2619 ς’
1523 2580 1672 2620 obgleich

1004 2632 1097 2658 sonst
1133 2627 1169 2658 L.
1203 2626 1407 2666 gewb‘hnlich
1430 2626 1575 2667 flectere
1605 2626 1673 2656 iter

1003 2677 1094 2713 sagt,
1117 2682 1153 2703 so
1178 2673 1223 2704 ist
1244 2682 1279 2704 es
1303 2671 1386 2703 doch
1408 2680 1449 2702 an
1473 2681 1503 2702 u.
1527 2670 1576 2702 St.
1595 2679 1672 2712 pas-

1753 285 1760 360 1

1706 1148 1762 1196 15,

1702 1429 1744 1462 20
