1784 2967
231 233 308 270 120
667 225 795 259 menn
819 224 960 258 xxvu.
1009 224 1101 257 CAP.
1128 224 1182 257 50.
1483 231 1629 258 a.u.547.

225 331 299 371 dici
319 329 566 380 enarrarique
587 331 734 380 potest,
755 339 828 366 nec
848 339 923 379 quo
946 327 1088 366 incerta
1110 325 1373 376 expectatione
1393 329 1551 364 eventus
1575 324 1630 364 ci-

174 396 195 426 4
229 388 322 426 vitas
358 387 504 432 fuerat,
539 396 612 423 nec
647 395 723 435 quo
751 383 932 423 victoriae
954 383 1095 422 famam
1125 381 1283 432 accepit.
1319 393 1531 432 numquam
1562 392 1631 431 per

225 443 353 482 omnis
381 442 483 488 dies,
511 453 558 480 ex
585 453 661 492 quo
684 440 881 480 Claudium
907 439 1105 479 consulem
1133 438 1350 490 profectum
1371 437 1473 476 fama
1494 437 1629 484 attulit,

223 500 269 537 ab
299 503 384 537 orto
414 497 496 536 sole
522 497 569 536 ad
587 497 826 536 occidentem
855 501 920 536 aut
947 501 1102 535 senator
1123 495 1326 546 quisquam
1349 506 1369 533 a
1391 493 1494 533 curia
1514 498 1628 544 atque

175 564 194 594 5
222 555 267 593 ab
290 553 581 604 magistratibus
602 554 805 600 abscessit,
837 557 902 592 aut
922 553 1091 604 populus
1113 565 1133 589 e
1151 552 1261 598 foro,
1288 556 1509 596 matronae,
1541 550 1629 600 quia

222 610 316 649 nihil
342 610 383 649 in
411 610 508 661 ipsis
538 610 624 661 opis
652 615 755 657 erat,
786 609 826 648 in
846 622 979 661 preces
1008 607 1362 658 obtestationesque
1383 618 1534 652 versae,
1561 617 1630 656 per

173 675 193 706 6
223 666 353 706 omnia
375 666 536 706 delubra
556 678 671 717 vagae
693 665 887 716 supplices
908 665 1085 715 votisque
1104 664 1262 714 fatigare
1279 664 1386 702 deos.
1426 668 1505 701 tam
1523 661 1630 700 solli-

222 723 315 762 citae
341 735 386 762 ae
416 735 630 773 suspensae
652 721 790 761 civitati
810 721 913 760 fama
932 721 1078 760 incerta
1100 721 1227 771 primo
1249 720 1385 758 accidit
1406 719 1505 757 duos
1527 718 1629 756 Nar-

220 779 375 818 nienses
412 780 559 829 equites
595 779 635 816 in
667 783 811 824 castra,
848 790 945 828 quae
967 776 1007 815 in
1034 776 1209 815 faucibus
1238 776 1417 815 Umbriae
1445 773 1626 826 opposita

173 845 189 875 7
220 839 348 881 erant,
384 835 537 873 venisse
571 847 616 872 ex
653 833 799 884 proelio
836 833 1058 872 nuntiantes
1086 845 1220 871 caesos
1250 832 1388 871 hostis.
1436 836 1473 870 et
1498 831 1626 881 primo

220 891 342 941 magis
364 891 520 929 auribus
544 903 660 941 quam
677 889 817 928 animis
839 889 876 928 id
894 894 1091 940 acceptum
1110 894 1189 928 erat
1205 894 1247 928 ut
1262 889 1385 927 maius
1402 888 1628 938 laetiusque,

220 960 335 998 quam
357 947 460 997 quod
483 952 610 985 mente
631 958 767 997 capere
789 950 854 984 aut
875 945 967 984 satis
988 945 1143 984 credere
1164 950 1343 995 possent,
1365 950 1401 983 et
1421 944 1503 994 ipsa
1526 943 1626 982 cele-

220 1004 312 1041 ritas
329 1003 444 1041 fidem
462 1002 708 1054 impediebat,
731 1002 836 1053 quod
854 1001 970 1040 biduo
989 1006 1076 1040 ante
1092 1006 1304 1052 pugnatum
1324 1000 1530 1039 dicebatur.
1566 999 1629 1038 lit-

172 1071 190 1103 8
220 1060 486 1099 teraedeinde
506 1060 550 1098 ab
572 1059 614 1098 L.
631 1059 769 1097 Manlio
787 1058 947 1096 Acidino
965 1058 1108 1096 missae
1125 1070 1168 1095 ex
1186 1057 1322 1096 castris
1341 1057 1569 1095 adferuntur
1584 1055 1630 1093 de

171 1125 190 1157 9
222 1115 493 1154 Narniensium
521 1115 692 1166 equitum
721 1115 896 1153 adventu.
937 1115 1008 1153 hae
1030 1114 1176 1152 litterae
1197 1125 1265 1164 per
1285 1113 1414 1152 forum
1437 1112 1483 1150 ad
1504 1111 1627 1150 tribu-

223 1172 284 1210 nal
305 1172 497 1222 praetoris
518 1172 614 1210 latae
635 1176 809 1210 senatum
833 1171 935 1210 curia
957 1171 1193 1217 exciverunt,
1214 1174 1400 1220 tantoque
1422 1168 1630 1208 certamine

219 1327 402 1367 schildern,
428 1328 511 1359 denn
530 1338 563 1359 u.
582 1338 608 1358 s.
635 1337 689 1368 w.,
713 1327 813 1358 kurz:
846 1338 887 1357 zu
960 1337 1031 1358 cum
1060 1326 1196 1368 imperio
1220 1335 1260 1356 an
1283 1326 1334 1357 die
1359 1325 1474 1366 Spitze
1497 1326 1556 1356 der
1578 1325 1628 1357 Ie-

218 1372 297 1403 Rom
315 1370 461 1413 freilich,
479 1373 658 1411 natiirlich,
677 1373 743 1412 vgl.
763 1371 815 1412 28,
837 1372 887 1410 15,
960 1373 1074 1412 giones
1108 1372 1251 1402 urbanae
1284 1371 1421 1410 gestent
1447 1371 1513 1401 und
1546 1371 1628 1401 nach

219 1419 255 1456 53
280 1417 321 1448 ib.
341 1417 395 1457 41,
417 1417 475 1457 113
500 1417 553 1457 23,
575 1417 625 1448 14.
648 1418 675 1448 1.
692 1434 737 1440 —-
753 1427 816 1458 quo
834 1426 889 1448 ac-
960 1416 1113 1449 Umbrien
1132 1415 1302 1456 geschickt
1320 1416 1465 1453 worden,
1485 1425 1511 1446 S.
1532 1426 1559 1446 c.
1573 1415 1627 1454 43,

218 1465 304 1505 cepit
333 1463 502 1494 enthalten
532 1473 594 1493 nur
618 1462 799 1493 Merkmale
825 1472 887 1493 von
961 1461 991 1492 9.
1009 1480 1051 1484 —
1069 1461 1115 1493 ad
1130 1463 1207 1493 trib.
1223 1471 1287 1503 pta,
1302 1461 1360 1491 das
1375 1460 1627 1501 urspriingliche

217 1508 370 1548 liabitas,
403 1508 484 1538 ohne
514 1507 702 1547 Bezieliung
734 1506 791 1537 auf
819 1506 888 1538 dice·
961 1506 1136 1545 Tribunal,
1161 1506 1304 1536 welches
1324 1506 1395 1536 hier
1412 1505 1557 1545 gemeint
1574 1506 1627 1546 ist,

215 1554 345 1595 potest,
376 1551 433 1592 28,
458 1553 493 1590 5,
519 1551 550 1583 6.
578 1570 621 1574 —
642 1554 682 1583 ab
710 1554 783 1583 orto
809 1556 885 1590 etc„
959 1552 1056 1582 stand
1074 1552 1105 1582 in
1125 1550 1290 1582 derNiihe
1309 1551 1369 1581 der
1386 1550 1502 1589 Cupie,
1524 1551 1552 1589 1,
1571 1549 1624 1590 30,

217 1598 284 1636 vgl.
303 1596 356 1634 26,
376 1596 406 1635 9,
426 1597 463 1634 9,
489 1596 543 1636 23,
562 1596 614 1633 32,
633 1596 664 1628 3.
682 1614 727 1618 —
743 1607 764 1627 α
780 1598 885 1635 curia,
958 1596 989 1635 2,
1007 1596 1074 1636 vgl.
1093 1596 1148 1635 45,
1166 1596 1220 1634 44,
1239 1596 1276 1626 4:
1294 1595 1472 1636 adseram
1489 1606 1509 1626 α
1524 1598 1627 1638 porta

217 1651 281 1672 von
307 1642 366 1672 der
389 1640 486 1672 Curie
504 1651 594 1681 weg,
619 1642 650 1672 in
674 1642 773 1672 deren
793 1641 886 1673 Nahe
958 1640 1169 1682 tribunalque
1187 1640 1298 1671 Cassii
1314 1641 1497 1682 praetoris.
1537 1640 1627 1670 Doch

218 1686 270 1717 die
290 1685 485 1725 Magistrate
504 1696 635 1724 ενιπευς
662 1697 679 1717 e
697 1687 798 1726 foro,
826 1696 885 1716 aus
957 1686 1058 1717 istan
1085 1697 1113 1716 u.
1134 1686 1183 1716 St.
1199 1686 1370 1727 praetoris
1387 1685 1558 1724 unsicher,
1586 1685 1627 1716 da

218 1731 290 1761 dem
319 1735 535 1769 uingrenzteu
561 1730 662 1762 Raum
687 1732 744 1761 des
767 1729 884 1761 forum.
958 1731 1009 1761 die
1041 1731 1116 1761 Hss.
1151 1730 1300 1761 tribunal
1326 1729 1480 1772 perlatae
1509 1729 1624 1769 haben,

216 1793 261 1798 -—
277 1778 378 1816 atque
394 1777 445 1815 ab,
465 1786 490 1806 s.
506 1786 533 1807 c.
550 1775 599 1814 16,
618 1775 645 1806 l.
660 1793 703 1797 —
716 1776 885 1818 supplices
958 1786 1026 1806 was
1046 1775 1139 1806 viell.
1158 1775 1277 1814 richtig
1294 1774 1354 1816 ist,
1376 1774 1435 1813 29,
1463 1774 1513 1811 16,
1532 1773 1567 1806 6;
1592 1776 1625 1805 in

216 1831 256 1860 zu,
275 1821 327 1851 ein
347 1820 505 1851 Wechsel
523 1821 583 1851 der
596 1820 738 1851 For-men
753 1822 816 1851 wie
831 1820 884 1859 22,
958 1822 1092 1852 comilz'o
1130 1819 1324 1851 sedentibus
1360 1819 1550 1850 consulibus
1582 1836 1626 1841 —-

217 1865 247 1903 6,
263 1866 298 1896 7:
317 1867 485 1897 immensa
497 1875 536 1896 ac
550 1867 623 1896 sine
639 1866 823 1907 spesuga,
842 1865 884 1896 ib.
957 1868 1036 1896 anie
1053 1865 1215 1905 tribunal,
1239 1865 1306 1904 vgl.
1325 1864 1343 1894 3
1355 1889 1363 1904 ,
1388 1864 1448 1904 57,
1465 1863 1505 1902 23
1523 1864 1576 1903 45,
1595 1863 1625 1903 2,

219 1909 269 1949 19,
291 1910 345 1941 11:
365 1911 494 1942 turbati
509 1914 543 1942 et
559 1913 721 1953 temptata
737 1911 887 1952 —suga
959 1910 993 1942 3:
1012 1912 1047 1941 ‘in
1061 1910 1183 1952 forum
1200 1909 1246 1941 ad
1261 1908 1423 1948 tribunal,
1444 1920 1490 1939 wo
1505 1908 1625 1949 jedoch

217 1960 295 1993 etc.;
318 1955 347 1995 1,
365 1955 425 1993 25,
448 1955 633 1997 lzseroces
651 1959 683 1987 el
700 1959 820 1998 suopte
836 1957 887 1986 in-
959 1956 1009 1986 die
1028 1955 1147 1987 Lesart
1167 1955 1256 1986 nicht
1273 1955 1381 1986 sicher
1399 1955 1460 1991 ἱεῖς
1485 1954 1552 1993 vgl.
1571 1953 1625 1992 36,

212 2002 313 2041 genio
344 2003 376 2031 et
404 2000 495 2043 pleni
520 2001 773 2032 adhortantium
798 2003 886 2032 voci·
959 2000 1016 2039 21,
1046 2000 1085 2038 6;
1117 2000 1243 2031 Becker
1268 2000 1302 2039 1,
1332 1999 1414 2036 2803
1445 1998 1521 2030 290.
1561 1996 1629 2030 Auf

215 2046 294 2083 bus,
315 2045 345 2083 5,
367 2045 416 2082 19,
432 2045 467 2076 2:
485 2045 559 2076 dzcoe
575 2045 621 2076 ad
637 2045 807 2077 excidium
824 2056 884 2077 ur·
958 2045 1030 2076 dein
1044 2044 1203 2076 Tribunal
1221 2045 1264 2075 ist
1282 2045 1340 2074 der
1355 2044 1475 2074 Priitor
1488 2054 1528 2074 zu
1542 2044 1625 2074 den-

216 2090 267 2120 bis
292 2089 543 2131 servandaeque
559 2093 690 2132 patricie
708 2101 738 2121 u.
756 2100 798 2129 a.,
817 2090 883 2129 vgl.
957 2089 1038 2127 ken3
1063 2090 1198 2127 diesem,
1223 2089 1272 2119 als
1291 2089 1548 2119 Stellvertreter
1565 2088 1624 2118 der

216 2144 244 2165 c.
265 2134 320 2173 12,
350 2134 406 2172 153
435 2134 567 2165 Andere
592 2135 682 2165 lesen
700 2134 885 2177 suppliciis.
958 2134 1117 2174 Consuln,
1143 2134 1224 2164 wird
1249 2134 1305 2164 das
1325 2133 1502 2163 Schreibeu
1522 2132 1624 2163 iiber—

215 2196 258 2200 —
273 2179 439 2220 faligm‘e,
458 2190 485 2209 c.
504 2180 557 2216 45,
579 2179 629 2210 10.
956 2178 1078 2218 geben,
1105 2180 1144 2209 da
1169 2189 1204 2209 es
1228 2189 1290 2209 nur
1312 2188 1375 2209 von
1395 2178 1498 2209 einem
1517 2177 1623 2217 Magi-

261 2223 360 2254 6—7.
386 2225 520 2262 civitati,
539 2224 592 2261 25,
609 2224 658 2266 19,
675 2223 724 2254 16.
742 2224 884 2265 —sau-
957 2228 1062 2254 strate
1086 2224 1127 2254 im
1147 2223 1269 2254 Senate
1295 2228 1516 2263 vorgetragen
1535 2232 1623 2253 wer-

215 2269 275 2299 eib.
296 2268 400 2307 Umb.,
415 2279 441 2300 s.
457 2280 483 2300 c.
499 2268 552 2309 43,
570 2269 599 2299 9.
613 2287 656 2291 -——
670 2279 767 2310 quam
786 2269 883 2310 quod,
956 2269 1017 2299 den
1042 2268 1140 2299 kann.
1158 2286 1200 2292 —
1218 2270 1312 2299 curia
1329 2278 1401 2299 eme.
1413 2293 1420 2306 ,
1445 2278 1538 2298 wenn
1564 2268 1624 2299 der

216 2314 280 2352 vgl.
292 2313 344 2353 22,
361 2314 413 2352 51,
429 2314 465 2351 3;
482 2314 534 2354 33,
550 2313 602 2351 32,
618 2313 652 2345 6:
669 2315 782 2345 maias
793 2325 883 2355 gaa-
956 2313 1077 2344 Pr'a'tor
1122 2312 1180 2344 auf
1224 2314 1295 2344 dem
1335 2313 1495 2344 Tribunal
1541 2322 1622 2353 war,

215 2358 307 2390 dium
339 2362 426 2398 erat,
456 2370 554 2400 quam
579 2359 667 2400 qnod
688 2361 884 2390 universum.
956 2358 1079 2389 konute
1120 2358 1217 2389 keine
1251 2359 1506 2397 Senatssitzung
1540 2358 1622 2396 sein,

215 2404 364 2435 homines
378 2407 595 2447 caperent.—
611 2404 723 2443 biduo,
738 2405 788 2435 die
803 2403 885 2434 Ent-
956 2404 1018 2434 wie
1044 2415 1071 2434 c.
1097 2404 1155 2440 51,
1186 2404 1220 2440 5,
1254 2404 1397 2434 sondern
1427 2403 1478 2433 die
1503 2401 1621 2433 Worte

214 2446 355 2488 fernung
373 2451 482 2480 scliien
499 2460 539 2480 zu
554 2459 661 2489 gross,
676 2449 726 2480 als
741 2449 817 2479 dass
832 2449 882 2479 die
956 2448 1027 2479 sind
1047 2449 1125 2479 nach
1145 2447 1165 2489 ξ
1183 2449 1203 2479 4
1220 2449 1285 2488 vgl.
1306 2449 1358 2487 45,
1377 2448 1407 2486 2,
1427 2448 1461 2478 4:
1482 2450 1621 2478 smatus

216 2492 393 2524 Nachert
423 2495 452 2524 in
478 2495 588 2525 dieser
613 2494 689 2525 Zeit
712 2494 801 2525 h'zitte
826 2503 884 2524 an-
945 2494 1048 2534 sorte
1080 2495 1113 2524 in
1147 2496 1241 2524 curia
1274 2496 1348 2524 erat
1381 2503 1421 2522 zu
1451 2492 1619 2523 erkliiren.

218 2537 334 2577 langen
355 2538 491 2570 konnen.
956 2538 1039 2568 Dass
1057 2539 1124 2568 sich
1144 2539 1202 2569 der
1220 2538 1322 2569 Senat
1339 2538 1398 2568 mit
1415 2538 1485 2568 dem
1502 2537 1621 2568 Priitor

261 2582 357 2613 S—t).
375 2583 412 2614 L.
427 2583 541 2621 Manl„
557 2585 616 2615 der
633 2584 688 2615 c.4
703 2583 881 2624 erwiihnte,
956 2584 1100 2622 sogleich
1131 2583 1161 2613 in
1186 2584 1237 2614 die
1263 2583 1360 2614 Cui-ie
1391 2582 1620 2621 zuriickgezo-

216 2636 242 2656 s.
265 2637 292 2657 e.
317 2627 375 2667 35,
399 2628 436 2667 33
468 2639 505 2659 er
529 2630 572 2660 ist
600 2629 649 2660 als
672 2628 882 2660 Privatinann
955 2638 1016 2667 gen
1035 2629 1101 2669 hat,
1119 2628 1248 2668 ergiebt
1262 2628 1329 2659 sich
1344 2627 1424 2658 nach
1439 2628 1510 2657 dem
1524 2626 1618 2666 Folg.

1655 835 1694 867 10

1655 1117 1694 1148 15
