1784 2967
39 1085 78 1117 15

34 1365 77 1397 20

579 187 706 220 LIBER
723 186 849 221 XXVI.
883 189 976 222 CAP.
992 190 1048 223 40.
1433 191 1514 230 297

113 207 139 226 ι.
156 198 210 226 Ch.
226 198 287 223 210.

112 291 228 331 sociis
256 290 542 337 Romanorum,
580 302 704 341 neque
737 290 939 330 intercludi
973 291 1018 330 ab
1045 291 1255 344 Agrigento
1282 293 1318 332 vi
1345 298 1411 332 aut
1435 298 1515 332 arte

110 348 183 387 ulla
204 359 274 386 nec
297 348 390 397 quin
412 351 644 398 erumperet,
666 346 732 385 ubi
754 347 874 394 vellet,
895 348 1092 398 prohiberi
1115 354 1277 400 poterat.
1318 350 1413 388 haec
1433 349 1513 388 eius
1542 355 1559 386 5

110 404 228 455 gloria
255 404 343 454 quia
369 404 444 442 iam
472 403 718 454 imperatoris
747 415 901 454 quoque
927 404 1052 443 famae
1075 405 1284 452 officiebat,
1312 410 1511 457 postremo

111 461 150 499 in
178 460 358 499 invidiam
386 460 514 507 vertit,
540 465 583 498 ut
609 472 657 498 ne
683 459 780 498 bene
807 465 936 510 gestae
964 460 1119 511 quidem
1146 474 1207 501 res
1235 463 1310 501 iam
1331 463 1511 502 Hannoni

111 522 273 568 propter
298 522 494 556 auctorem
516 515 608 554 satis
629 516 747 554 laetae
769 521 910 555 essent.
956 518 1152 568 [propter]
1178 524 1377 568 postremo
1400 532 1511 571 prae-

110 574 296 613 fecturam
334 574 414 612 eius
448 572 524 611 filio
553 584 625 611 suo
655 573 775 620 dedit,
807 578 913 612 ratus
938 585 1025 612 cum
1054 573 1217 624 imperio
1246 576 1509 615 auctoritatem

111 642 265 681 quoque
299 629 330 668 ei
363 629 462 667 inter
487 629 672 667 Numidas
700 634 936 680 erepturum.
984 630 1087 680 quod
1115 630 1228 681 longe
1256 631 1363 670 aliter
1389 633 1511 671 venit:

110 699 199 725 nam
226 691 388 724 veterem
414 686 585 724 favorem
613 685 693 724 eius
723 698 791 725 sua
819 688 978 737 insuper
999 686 1137 725 invidia
1160 687 1280 733 auxit,
1308 700 1433 738 neque
1453 688 1512 727 ille

111 743 372 793 indignitatem
401 742 561 781 iniuriae
588 742 689 789 tulit,
719 743 1001 793 confestimque
1029 743 1074 781 ad
1101 743 1309 782 Laevinum
1340 745 1511 783 occultos

111 799 270 847 nuntios
292 798 398 837 misit
417 799 462 837 de
484 799 671 837 tradendo
689 799 912 849 Agrigento.
954 811 1024 850 per
1046 811 1144 850 quos
1166 804 1208 839 ut
1229 805 1288 839 est
1302 801 1399 839 facta
1416 801 1511 839 fides

109 855 429 906 compositusque
457 855 510 893 rei
537 855 727 905 gerendae
753 856 913 901 modus,
940 860 1091 906 portam
1121 856 1166 894 ad
1195 869 1300 895 mare
1326 857 1512 895 ferentem

107 911 295 950 Numidae
317 924 405 950 cum
429 917 685 962 occupassent
705 912 827 963 pulsis
845 912 933 950 inde
950 912 1178 951 custodibus
1196 917 1260 951 aut
1277 913 1410 959 caesis,
1432 913 1512 952 Ro-

107 980 246 1006 manos
270 968 314 1006 ad
337 969 377 1007 id
397 968 525 1018 ipsum
548 968 692 1006 missos
715 969 753 1007 in
776 969 911 1007 urbem
934 974 1174 1019 acceperunt.
1206 974 1344 1007 etcum
1362 970 1514 1019 agmine

110 1026 183 1062 iam
206 1025 244 1062 in
266 1024 388 1062 media
412 1024 519 1062 urbis
542 1037 585 1062 ac
605 1025 734 1063 forum
753 1037 894 1075 magno
912 1025 1080 1063 tumultu
1097 1025 1227 1070 iretur,
1250 1030 1356 1064 ratus
1373 1026 1510 1064 Hanno

110 1093 187 1119 non
208 1081 308 1119 aliud
331 1093 444 1131 quam
468 1081 675 1119 tumultum
698 1094 740 1119 ac
762 1081 1034 1127 secessionem,
1057 1081 1093 1119 id
1117 1082 1220 1132 quod
1244 1086 1281 1120 et
1302 1088 1388 1121 ante
1410 1083 1512 1121 acci-

107 1138 225 1183 derat,
249 1137 500 1175 Numidarum
523 1150 625 1184 esse,
648 1137 693 1175 ad
717 1138 1032 1188 conprimendam
1057 1137 1285 1176 seditionem
1308 1139 1510 1190 processit.

106 1201 218 1244 atquc
238 1193 309 1239 ille,
334 1206 419 1231 cum
443 1193 474 1231 ei
496 1193 702 1232 multitudo
725 1194 848 1232 maior
868 1207 981 1245 quam
1000 1193 1254 1233 Numidarum
1276 1195 1413 1245 procul
1432 1195 1509 1233 visa

107 1255 144 1287 et
179 1250 326 1288 clamor
352 1250 553 1288 Romanus
582 1250 875 1301 haudquaquam
904 1251 1061 1301 ignotus
1090 1251 1134 1289 ad
1164 1251 1268 1290 auris
1297 1252 1510 1298 accidisset,

107 1305 332 1356 priusquam
360 1306 404 1343 ad
433 1305 549 1344 ictum
578 1306 640 1344 teli
669 1307 832 1353 veniret,
862 1307 1029 1358 capessit
1054 1307 1195 1357 fugam.
1242 1320 1310 1358 per
1338 1321 1509 1347 aversam

107 1367 258 1412 portam
290 1362 456 1401 emissus
484 1362 691 1413 adsumpto
720 1364 861 1402 comite
882 1364 1049 1414 Epicyde
1076 1377 1162 1402 cum
1184 1364 1316 1415 paucis
1339 1365 1383 1403 ad
1406 1377 1512 1403 mare

106 1419 295 1470 pervenit,
325 1419 502 1469 nactique
530 1425 752 1470 opportune
778 1433 937 1471 parvum
965 1420 1159 1470 navigium
1182 1421 1311 1459 relicta
1332 1421 1510 1459 hostibus.

107 1475 252 1521 Sicilia,
281 1475 327 1513 de
353 1488 426 1526 qua
449 1487 516 1526 per
537 1481 595 1514 tot
616 1488 739 1515 annos
764 1482 950 1515 certatum
974 1482 1072 1523 erat,
1101 1477 1140 1514 in
1162 1477 1328 1516 Africam
1352 1477 1511 1516 traiece-

104 1584 149 1589 —
171 1569 203 1598 τί
222 1577 252 1598 α.
276 1577 307 1598 α.
339 1565 470 1597 bezieht
500 1567 567 1598 sich
593 1566 652 1598 auf
676 1567 772 1598 beide

106 1612 208 1643 Siitze
226 1612 283 1643 mit
300 1622 369 1643 nec.
387 1629 432 1634 ——
449 1614 526 1653 quin
552 1613 632 1643 nach
657 1613 771 1655 prohi-

106 1658 183 1688 bere
205 1658 260 1687 hat
279 1656 315 1687 L.
343 1667 404 1687 nur
422 1657 507 1694 bier,
533 1667 558 1687 s.
578 1657 635 1695 25,
661 1657 718 1694 35,
739 1657 771 1688 6.

105 1719 150 1724 --
174 1702 335 1743 officieb.‚
361 1712 387 1733 s.
411 1701 512 1743 praef.
538 1702 568 1732 3.
594 1720 638 1724 ——
660 1705 769 1743 vertit,

107 1757 131 1777 s
150 1746 188 1783 2,
215 1746 251 1785 8,
279 1747 532 1785 1.s——laetae,
538 1746 624 1786 .,23
645 1747 770 1785 12,11.

104 1809 149 1813 -—
163 1771 304 1833 prop’ter
321 1791 450 1822 scheint
471 1801 530 1822 aus
554 1792 614 1822 der
631 1793 772 1822 vorher-

105 1836 178 1875 geli.
196 1836 289 1866 Zeile
308 1836 515 1867 wiederholt.
532 1854 574 1858 -—
590 1837 770 1889 praefeci„

106 1882 144 1911 da
164 1891 201 1911 er
219 1882 290 1911 eine
309 1880 363 1911 ala
380 1881 626 1912 cominandirte.
645 1899 688 1904 —
705 1884 769 1913 im-

102 1928 253 1969 perium,
287 1926 337 1957 die
372 1926 591 1965 iibertragene
626 1925 767 1967 Gcwalt,

103 1974 189 2002 auct.
231 1971 301 2001 scin
341 1972 569 2011 persiinlichcs
603 1970 769 2010 Ansehen,

103 2018 217 2047 seinen
236 2016 390 2054 Einssuss,
409 2015 469 2055 24,
489 2015 541 2053 32,
561 2016 591 2047 5.
609 2034 654 2039 —
670 2019 768 2056 venit,

103 2072 130 2093 s.
149 2060 206 2099 24,
226 2061 284 2100 40,
307 2060 363 2099 15;
383 2060 503 2092 Sa1¹.1.
526 2060 606 2101 103,
625 2061 661 2092 2:
686 2072 770 2103 quae

102 2107 168 2137 sihi
182 2123 226 2128 —-
243 2109 411 2145 venerant,
429 2106 496 2146 vgl.
516 2106 546 2143 9,
568 2106 618 2145 12,
640 2106 668 2137 1.

151 2150 248 2181 7-8.
281 2152 353 2182 eius
370 2161 433 2182 suu
447 2152 490 2182 ist
503 2151 696 2183 absichtlich
712 2162 770 2182 zu-

105 2196 403 2234 sammengestellt3
427 2196 530 2226 indem
550 2206 587 2227 er
604 2197 670 2228 sich
691 2207 768 2228 ver-

104 2240 197 2271 hasst
214 2241 353 2279 niachte,
373 2241 505 2271 erhiihte
524 2251 561 2272 er
578 2241 629 2272 die
650 2241 768 2281 Gunst,

103 2285 154 2315 dic
174 2284 216 2316 M.
240 2295 373 2324 genOSS.
389 2303 433 2307 —
450 2296 554 2327 neque
576 2286 628 2317 illc
650 2288 768 2326 geho'rt

102 2330 183 2360 auch
203 2330 284 2360 noch
304 2341 344 2360 zu
358 2341 447 2362 uam.
464 2348 509 2353 —
524 2330 696 2373 indignit„
715 2333 766 2363 die

101 2375 295 2415 unwiirdige
315 2375 540 2415 Beliandlung,
560 2377 610 2408 die
629 2377 691 2408 ihm
709 2378 768 2409 mit

102 2419 248 2451 Unrecht
271 2419 490 2451 widcrfabren
516 2431 596 2452 war.
617 2439 662 2444 —
678 2432 768 2453 com-

100 2475 173 2507 pos.
194 2470 276 2505 οἱα,
294 2465 361 2505 vgl.
381 2465 439 2504 22,
459 2465 512 2504 22,
535 2465 585 2496 16.
602 2484 647 2489 —
662 2467 707 2498 ad
721 2477 766 2498 m.

96 2511 147 2551 Ιὶ,
182 2510 344 2550 Agrigcnt
375 2510 427 2550 lag
459 2509 497 2541 18
528 2510 662 2542 Stadien
692 2522 766 2543 vom

101 2554 213 2586 Meere
232 2554 388 2586 entfernt.
406 2573 450 2578 —*
467 2558 506 2587 ut
521 2574 564 2578 —
581 2567 666 2597 cum,
685 2557 768 2588 iiber

101 2600 152 2631 die
171 2600 385 2641 Verbindung
403 2601 529 2632 zweier
545 2600 766 2644 Nehenszitze,

846 1568 898 1599 die
937 1568 1175 1599 verschiedene
1209 1568 1510 1600 Zeitverhiiltnisse

845 1613 1012 1652 angeben,
1035 1624 1060 1644 s.
1080 1613 1111 1653 7,
1130 1612 1183 1654 23,
1202 1613 1232 1644 6.
1251 1632 1294 1636 —
1311 1614 1349 1645 id
1363 1616 1437 1658 ips„
1456 1614 1509 1654 24,

846 1657 936 1698 3,15
955 1669 986 1689 u.
1004 1668 1033 1689 a.

891 1703 956 1733 9—
962 1702 1012 1734 12.
1046 1713 1198 1745 awmme,
1220 1704 1250 1735 in
1270 1704 1390 1735 vollem
1408 1703 1510 1746 Zuge‚

846 1758 871 1778 s.
894 1748 923 1787 1,
942 1747 972 1787 6,
988 1747 1018 1778 2.
1035 1766 1079 1769 —
1095 1748 1209 1779 media
1226 1759 1290 1786 mn,
1312 1759 1338 1780 s.
1358 1749 1388 1788 5,
1408 1749 1459 1789 29,
1477 1750 1508 1781 4.

843 1810 887 1814 —
916 1792 1048 1824 tumult.
1073 1797 1154 1832 etc.,
1181 1794 1245 1833 vgl.
1261 1794 1320 1832 25,
1340 1794 1399 1830 24,
1418 1793 1449 1824 8.
1467 1812 1511 1816 —

844 1840 943 1878 atque
960 1837 1023 1877 ille,
1041 1837 1104 1868 wir
1121 1837 1247 1869 denken
1269 1838 1361 1869 einen
1379 1838 1509 1878 Gegen-

844 1882 1218 1918 satz,imLateinischen
1230 1883 1508 1923 wirddiegleiche

846 1927 1031 1967 Gtiltigkeit
1059 1927 1173 1958 heider
1202 1928 1320 1967 Stitze,
1356 1929 1407 1960 die
1435 1938 1507 1959 niun

844 1973 933 2003 nicht
958 1972 1222 2004 nebeneinander
1248 1978 1424 2013 erwartet,
1454 1973 1510 2004 be-

844 2017 1010 2048 zeichnet:
1035 2018 1221 2057 gleichwol,
1246 2029 1273 2049 s.
1293 2018 1352 2058 25,
1370 2018 1431 2057 22,
1452 2018 1506 2049 13:

843 2066 942 2104 atque
957 2064 1024 2099 ἱΐα,·
1041 2063 1188 2103 weniger
1205 2064 1346 2104 passend
1366 2064 1506 2094 scheint:

842 2108 906 2138 und
925 2108 1080 2147 sogleich,
1098 2118 1124 2138 s.
1145 2119 1171 2140 c..
1188 2108 1241 2147 39,
1263 2108 1311 2139 16.
1330 2127 1373 2130 —
1390 2108 1436 2140 ad
1450 2110 1505 2139 ἰοί.

843 2155 882 2191 t.,
902 2162 927 2183 s.
948 2152 1027 2183 Tac.
1045 2153 1129 2184 Ann.
1153 2153 1203 2192 13,
1222 2153 1280 2191 4ος
1301 2154 1505 2192 gewo'hnlicii

841 2199 903 2229 sub
920 2200 1024 2229 ictum
1044 2198 1102 2229 teli
1119 2198 1199 2228 oder
1215 2198 1260 2229 ad
1274 2201 1408 2239 iactum,
1427 2208 1507 2229 con-

840 2244 964 2274 fectum
983 2243 1040 2274 teli
1060 2244 1187 2280 venire,
1213 2253 1240 2273 S.
1260 2243 1295 2280 7,
1321 2242 1378 2281 26,
1402 2245 1440 2281 93
1465 2253 1505 2273 an

841 2299 872 2318 u.
892 2288 940 2318 St.
960 2288 1023 2318 soli
1042 2287 1107 2318 wol
1134 2292 1251 2327 gesagt
1267 2288 1418 2318 werden:
1446 2288 1505 2318 ebe

842 2343 879 2363 er
896 2332 1057 2371 getroffen
1077 2332 1209 2363 werden
1230 2332 1362 2371 konnte,
1381 2343 1408 2363 s.
1427 2331 1505 2363 Tae.

841 2377 878 2409 H.
898 2377 932 2416 3,
953 2377 1125 2418 23tsalso
1143 2395 1187 2399 —
1203 2378 1290 2414 ictu,
1316 2377 1420 2408 nicht:
1445 2378 1504 2407 che

841 2423 892 2454 die
933 2423 1067 2464 Spiesse
1113 2420 1322 2461 abgeworfen
1370 2422 1502 2453 werden

840 2467 996 2506 konnten,
1012 2468 1050 2498 da
1060 2468 1185 2497 erohne
1197 2466 1325 2498 Waffcn
1337 2467 1504 2498 erscheint

839 2514 902 2543 und
913 2513 1012 2543 durch
1024 2512 1249 2543 seiuAnseiien
1263 2512 1505 2543 dieSachebei-

840 2557 934 2597 legen
946 2557 1024 2588 will.
1035 2575 1077 2579 —
1092 2556 1238 2600 Epicyde
1252 2561 1327 2595 etc„
1337 2557 1503 2595 vgfflutr.

839 2603 944 2634 1.1.—
959 2612 1021 2645 per
1036 2604 1084 2633 tot
1097 2612 1139 2642 a.,
1159 2612 1188 2633 n.
1204 2612 1267 2633 von
1283 2602 1342 2632 den
1359 2601 1501 2633 Punieru

1542 695 1558 725 κ]

1542 976 1561 1007 9

1542 1201 1581 1233 10

1543 1317 1578 1349 11
