1784 2967
57 856 95 888 10

58 1137 96 1167 15>

55 1437 95 1469 20

127 254 153 273 a.
171 246 223 271 Ch.
240 247 300 270 21-2.

562 236 688 268 LIBER
705 235 817 267 XXV.
852 234 942 266 CAP,
965 236 1017 267 20.
1036 235 1088 267 21.

1446 235 1522 274 155

125 339 196 377 cho
219 350 369 378 summa
392 339 465 377 fide
487 339 674 390 stipendia
694 339 848 384 fecerat,
871 337 971 376 velut
992 343 1259 378 exauctoratus
1277 342 1402 376 morte
1419 337 1524 376 ducis

125 396 169 434 ab
193 394 312 446 signis
335 395 522 434 discessit.

235 452 423 491 Hannibal
443 464 523 491 non
545 451 711 502 Capuam
734 451 954 502 neglectam,
978 462 1103 500 neque
1125 456 1166 489 ut
1180 456 1285 490 tanto
1304 450 1525 490 discrimine
1554 460 1572 492 5

127 509 300 547 desertos
322 509 471 548 volebat
491 509 639 548 socios:
662 508 729 546 sed
751 520 941 559 prospero
960 520 1004 545 ex
1021 507 1231 546 temeritate
1248 509 1361 546 unius
1379 508 1524 547 Roma-

125 565 163 604 ni
193 565 298 604 ducis
328 578 510 604 successu
537 565 575 603 in
598 564 751 604 alterius
774 565 881 603 ducis
904 563 1167 614 exercitusque
1190 564 1433 614 opprimendi
1455 577 1525 603 oc-

125 623 320 661 casionem
350 622 587 661 imminebat.
629 622 694 661 Cn.
717 621 893 660 Fulvium
922 626 1139 672 praetorem
1162 621 1272 671 Apuli
1291 621 1400 671 legati
1423 633 1519 660 nun—
1554 634 1573 664 6

123 679 269 718 tiabant
289 678 429 730 pr1m0‚
453 679 543 717 dum
567 678 679 717 urbes
701 679 885 729 quasdam
904 678 1130 729 Apulorum,
1156 689 1250 727 quae
1268 678 1312 715 ad
1332 678 1527 716 Hanniba-

125 736 199 774 lem
223 736 483 783 descivissent,
507 741 759 786 oppugnaret,
778 735 959 774 intentius
983 747 1062 772 rem
1086 733 1228 784 egisse,
1249 739 1383 784 postea
1404 734 1525 772 nimio

127 805 309 831 successu
331 798 367 831 et
388 792 515 844 ipsum
539 798 575 831 ct
594 792 734 831 milites
757 793 895 843 praeda
919 792 1098 842 impletos
1121 791 1158 828 in
1175 796 1317 829 tantam
1335 790 1527 829 licentiam

124 849 420 900 socordiamque
456 850 620 893 effusos,
656 855 698 888 ut
735 849 833 888 nulla
870 848 1068 899 disciplina
1099 846 1251 886 militiae
1279 853 1393 886 esset.
1440 860 1526 886 cum
1558 856 1574 886 7

124 918 238 956 saepe
266 905 358 945 alias
386 912 467 945 tum
498 906 629 957 paucis
659 906 792 944 diebus
822 910 909 944 ante
938 910 1134 956 expertus,
1165 904 1285 954 qualis
1308 904 1381 943 sub
1404 903 1526 942 inscio

125 963 220 1001 duce
241 962 429 1001 exercitus
452 969 564 1009 esset,
587 963 623 1001 in
643 963 817 1013 Apuliam
842 968 963 1001 castra
986 962 1116 1000 movit.
1157 960 1263 999 Circa
1283 961 1527 999 Herdoneam
1553 966 1604 1003 21

126 1020 319 1058 Romanae
346 1020 517 1070 legiones
545 1025 578 1057 et
606 1025 760 1070 praetor
783 1019 936 1058 Fulvius
965 1024 1054 1057 erat.
1098 1031 1173 1068 quo
1203 1017 1266 1056 ubi
1296 1018 1446 1056 allatum
1471 1022 1529 1056 est

126 1076 250 1114 hostis
278 1077 501 1123 adventare,
532 1089 653 1127 prope
683 1082 740 1114 est
766 1076 927 1122 factum,
955 1081 998 1114 ut
1025 1074 1175 1113 iniussu
1196 1074 1384 1123 praetoris
1407 1074 1526 1124 signis

127 1133 319 1172 convulsis
348 1134 384 1171 in
407 1133 527 1172 aciem
548 1133 705 1172 exirent.
746 1145 818 1171 nec
839 1145 899 1171 res
922 1131 1042 1182 magis
1065 1131 1138 1170 ulla
1159 1130 1281 1170 tenuit
1301 1144 1414 1182 quam
1438 1144 1526 1182 spes

126 1190 226 1228 haud
254 1189 366 1229 dubia
394 1202 466 1228 suo
489 1190 525 1228 id
549 1189 705 1228 arbitrio
727 1189 792 1228 ubi
813 1190 946 1228 vellent
967 1194 1135 1227 acturos.
1176 1193 1289 1226 nocte
1309 1188 1526 1239 insequenti
1555 1195 1573 1226 2

124 1246 328 1292 Hannibal,
355 1259 439 1284 cum
463 1246 735 1284 tumultuatum
757 1246 795 1284 in
819 1246 954 1284 castris
977 1251 1013 1284 et
1034 1245 1237 1297 plerosque
1258 1245 1450 1291 ferociter,
1473 1245 1526 1283 si—

126 1315 242 1352 gnum
264 1308 306 1341 ut
328 1303 454 1350 daret,
476 1302 665 1341 institisse
687 1303 771 1342 duci
795 1303 841 1341 ad
863 1315 969 1341 arma
991 1302 1162 1341 vocantis
1184 1302 1308 1349 sciret,
1328 1302 1430 1340 haud
1454 1302 1526 1340 du-

125 1359 212 1398 bius
239 1372 448 1410 prosperae
474 1371 625 1411 pugnae
653 1359 896 1399 occasionem
919 1359 1016 1405 dari,
1045 1359 1114 1398 tria
1137 1358 1238 1397 milia
1260 1359 1526 1410 expeditorum
1556 1368 1575 1399 3

126 1415 287 1455 militum
317 1416 353 1454 in
382 1416 477 1455 villis
505 1417 602 1455 circa
631 1417 890 1468 vepribusque
922 1422 958 1455 et
979 1416 1080 1455 silvis
1103 1415 1293 1466 disponit,
1323 1415 1385 1466 qui
1415 1416 1526 1466 signo

125 1472 212 1511 dato
249 1473 362 1512 simul
399 1486 535 1512 omncs
571 1487 590 1511 e
626 1473 783 1512 latebris
815 1474 1033 1521 existerent,
1076 1479 1112 1512 et
1138 1473 1341 1523 Magonem
1373 1472 1526 1511 duobus
1559 1483 1577 1515 4

124 1604 159 1608 —
186 1588 370 1628 exauctor„
391 1596 416 1617 5.
434 1586 463 1625 8,
480 1585 532 1628 34,
551 1586 589 1625 93
610 1586 697 1618 velut
714 1587 790 1618 weil

123 1631 232 1663 dieses
247 1631 335 1663 nicht
350 1632 448 1663 durch
465 1632 525 1663 den
540 1631 610 1663 'rod
625 1633 682 1663 des
692 1632 791 1664 Feld-

126 1677 242 1717 lierrn,
272 1678 413 1708 sondern
439 1688 501 1708 nur
525 1678 624 1708 durch
649 1678 789 1709 Entbin-

125 1723 211 1762 dung
228 1733 290 1753 von
310 1723 380 1753 dem
395 1722 476 1754 Eide
492 1721 639 1762 erfolgen
655 1723 789 1763 konnte,

125 1777 151 1799 5.
176 1767 213 1808 2,
238 1767 297 1807 32,
322 1767 352 1798 2.
392 1768 450 1798 Die
473 1767 624 1799 Volonen
655 1769 788 1799 werden

124 1812 195 1843 also
213 1813 262 1843 als
281 1813 515 1852 regelm'assige
535 1812 708 1851 Soldaten,
734 1814 789 1844 da—

125 1858 183 1889 her
201 1868 228 1888 c.
248 1857 288 1888 22
309 1858 358 1888 als
376 1857 565 1890 desertores
590 1858 789 1899 betrachtet,

126 1903 188 1934 und
215 1903 254 1934 da
279 1904 325 1934 sic
350 1902 407 1945 27,
433 1902 474 1934 38
499 1903 529 1934 in
554 1904 604 1934 die
623 1903 789 1944 Legionen

125 1948 307 1988 eiugereiht
330 1949 480 1989 werden,
505 1949 593 1980 nicht
616 1949 716 1980 allein
740 1950 789 1981 als

126 1993 241 2032 Fre-ie,
266 1994 407 2025 sondcrn
425 1995 504 2026 auch
523 1994 572 2025 als
591 1994 718 2035 Biirger
735 1995 790 2026 be-

125 2039 268 2081 handelt,
287 2050 313 2070 s.
331 2039 458 2071 Becker
475 2039 510 2081 2,
533 2039 566 2079 1,
587 2039 638 2071 78.
656 2058 699 2062 —
718 2040 790 2072 clis-

124 2087 240 2125 cessz't,
267 2084 313 2116 sie
337 2095 447 2116 waren
467 2085 546 2116 nach
566 2096 592 2116 c.
615 2085 672 2126 15,
697 2085 738 2117 20
758 2086 787 2117 in

124 2130 288 2162 Lucanien
307 2130 478 2171 gebliehen
496 2131 559 2162 und
579 2136 790 2163 zerstreutcn

125 2175 192 2206 sich
212 2176 293 2206 uach
307 2176 378 2206 dem
393 2176 529 2216 Abgang
543 2177 600 2207 des
616 2176 789 2218 Qu'a'stors.

171 2220 268 2251 5—7.
294 2224 333 2252 ut
350 2223 440 2252 tanto
459 2221 503 2261 d.,
523 2222 584 2253 wie
602 2232 648 2262 es,
670 2233 699 2254 11,
718 2223 787 2254 sein

125 2265 362 2306 Nic-htxvollen,
386 2266 437 2297 bei
463 2267 610 2307 (wegen)
638 2268 729 2299 einer
752 2278 787 2299 so

123 2321 263 2352 grosseu
283 2310 419 2353 Gefahr,
443 2312 481 2343 da
507 2312 553 2343 sie
572 2313 705 2353 drohte,
730 2324 788 2345 na-

125 2356 242 2388 tiirlich
263 2367 350 2397 war,
369 2357 434 2397 vgl.
453 2356 511 2395 24,
530 2357 588 2397 45,
611 2357 666 2396 11,
687 2358 715 2397 7,
735 2358 786 2401 27,

126 2402 157 2433 7:
181 2413 222 2434 ne
246 2404 277 2434 in
303 2404 413 2434 muris
431 2401 562 2444 quidem
585 2404 670 2434 satis
679 2404 788 2446 firma

123 2458 199 2491 .s·pe;
223 2448 260 2487 4,
286 2447 343 2487 13,
370 2447 401 2479 1:
427 2451 465 2480 ut
480 2447 544 2479 illis
562 2450 787 2491 temporibus,-

125 2493 155 2534 7,
175 2493 204 2534 9,
225 2494 258 2524 7:
281 2494 419 2525 incertis
437 2495 586 2531 viribus5
603 2495 786 2534 gewb'hnli-

125 2539 293 2570 cherwird
308 2540 339 2570 z'n
355 2537 580 2579 hiuzugesiigt,
595 2539 785 2579 s.e.19,15;

124 2583 177 2623 23,
196 2583 246 2624 14,
269 2583 301 2615 1:
327 2587 364 2616 ut
383 2586 415 2615 in
430 2584 585 2615 secundis
611 2586 728 2624 rebus,·
758 2586 786 2626 1,

124 2629 177 2668 27,
187 2629 221 2659 7:
236 2631 270 2660 in
279 2640 316 2661 re
326 2629 458 2673 trepida
466 2629 642 2671 ,·3;3,27,6:
656 2632 688 2662 in
696 2631 785 2663 nullo

121 2676 308 2717 propinquo
333 2677 435 2707 metu.
459 2693 504 2697 —
527 2676 560 2706 2⁸72
587 2685 692 2707 occas.
715 2677 786 2717 ivn,

865 1597 890 1618 5.
909 1585 968 1626 23,
991 1586 1046 1627 10,
1065 1585 1102 1625 33
1123 1585 1181 1627 30,
1199 1585 1258 1625 28,
1278 1585 1312 1617 9:
1338 1586 1372 1617 fn
1388 1587 1528 1629 propin-

864 1643 962 1675 quam
981 1643 1055 1663 eam
1075 1632 1280 1672 (victoriam)
1312 1632 1531 1663 imminebant

863 1680 1001 1709 animis:
1032 1678 1070 1708 da
1101 1688 1138 1708 er
1164 1677 1193 1708 in
1220 1677 1323 1717 Fulge
1353 1677 1411 1708 der
1435 1676 1528 1708 Toll-

863 1723 1020 1754 kiilmlieit
1049 1724 1140 1754 eines
1165 1721 1350 1753 Anfiihrers
1376 1722 1471 1754 einen
1492 1732 1527 1753 so

864 1768 1071 1807 gliicklichen
1111 1767 1227 1807 Erfolg
1264 1767 1384 1807 gehabt
1427 1768 1528 1807 hatte,

862 1813 992 1844 lauerte
1018 1824 1054 1844 er
1078 1812 1136 1844 auf
1156 1813 1229 1844 eine
1254 1813 1406 1853 giinstigc
1427 1812 1527 1844 Gele-

862 1859 996 1899 genhcit
1012 1859 1093 1890 iiber
1111 1859 1202 1890 einen
1229 1859 1371 1889 anderen
1392 1869 1422 1889 u.
1443 1868 1469 1890 s.
1487 1869 1528 1890 w.

861 1922 906 1926 -—
922 1904 1093 1943 Fulvium,
1120 1915 1146 1936 5.
1165 1915 1190 1935 c.
1210 1903 1246 1941 3,
1268 1903 1297 1935 2.
1316 1922 1360 1926 ——
1377 1905 1409 1935 in
1430 1906 1452 1935 t.
1477 1904 1527 1936 lic.

862 1968 902 1971 —
923 1952 1062 1991 effusos,
1083 1960 1109 1981 s.
1128 1949 1187 1987 36,
1211 1949 1266 1989 11,
1285 1949 1320 1979 3:
1338 1951 1372 1980 in
1390 1949 1529 1981 eandem

863 1995 1059 2035 (lamo-iam)
1080 1998 1112 2026 et
1127 1995 1248 2026 milites
1263 1996 1369 2036 effusi
1380 1997 1470 2026 sunt.
1484 2013 1529 2017 —

861 2042 979 2082 movit,
1010 2041 1085 2072 dass
1111 2040 1270 2072 Hannibal
1299 2040 1444 2080 gemeint
1472 2040 1527 2080 ist,

863 2087 952 2124 zeigt
969 2087 1067 2117 sehon
1087 2087 1146 2117 der
1163 2085 1458 2126 Zusammenhaug.

907 2126 976 2163 21.
1006 2131 1101 2163 1—4.
1130 2131 1349 2169 Herdoneam,
1365 2141 1391 2162 s.
1406 2131 1459 2171 24,
1475 2131 1528 2170 20,

863 2177 892 2209 S.
910 2196 953 2200 --
972 2180 1060 2219 erat,
1084 2177 1151 2217 vgl.
1176 2176 1270 2208 Caes.
1294 2177 1328 2208 B.
1348 2176 1387 2208 G.
1412 2176 1448 2216 2,
1473 2176 1526 2215 28,

862 2222 896 2253 3:
924 2225 1112 2265 quantoque
1135 2224 1169 2254 in
1191 2222 1339 2266 periculo
1365 2224 1397 2253 et
1413 2224 1528 2253 castra

861 2272 895 2300 et
910 2268 1059 2311 legiones
1078 2271 1111 2300 et
1122 2269 1309 2311 imperator
1320 2269 1526 2299 versaretur.

861 2333 905 2336 —
922 2314 1082 2353 com-uls„
1106 2313 1136 2351 3,
1158 2314 1186 2354 7,
1214 2312 1244 2343 3.
1268 2331 1311 2335 —-
1334 2312 1402 2344 ulla
1425 2312 1525 2343 durch

862 2359 913 2391 die
928 2360 1080 2400 Stellung
1095 2360 1174 2390 nach
1188 2359 1301 2399 magis
1315 2357 1526 2398 gehoben.—

860 2407 1008 2446 acturos,
1028 2416 1062 2436 es
1082 2405 1170 2443 thun,
1189 2404 1255 2435 sicli
1275 2404 1373 2434 daran
1392 2403 1524 2434 macheu

861 2449 995 2489 diirfen,
1026 2451 1106 2481 doch
1132 2450 1212 2489 liegt
1232 2450 1389 2490 lecturos
1414 2449 1525 2480 uiiher.

859 2514 902 2519 -
919 2496 964 2527 ad
979 2507 1008 2527 a.
1028 2506 1068 2534 ιη,
1098 2495 1150 2534 22,
1181 2494 1232 2533 28,
1263 2494 1292 2524 9.
1322 2512 1366 2516 ——
1384 2495 1525 2525 eoeisier.

860 2541 928 2572 sicli
953 2541 1107 2583 pl'dtzlich
1133 2539 1275 2571 erheben
1300 2538 1430 2580 sollten,
1457 2538 1524 2571 Cic.

859 2586 889 2618 V
892 2597 956 2618 err.
977 2586 1007 2625 4,
1022 2586 1075 2625 48,
1095 2585 1171 2616 107:
1191 2595 1254 2626 qua
1266 2584 1377 2616 Ditem
1391 2588 1524 2628 patrem

848 2632 980 2673 jerunt
998 2633 1134 2674 repente
1151 2631 1318 2662 eoete'tt'sse.
1337 2648 1375 2652 —
1398 2630 1526 2662 duobus

855 2678 888 2719 s.
905 2688 961 2719 m.,
986 2675 1196 2715 νει-1111119151,
1221 2675 1298 2715 mit3
1332 2676 1362 2716 9,
1393 2675 1446 2715 44,
1469 2675 1524 2706 11.-
