1784 2967
254 355 272 386 6

233 1098 272 1129 10

232 1206 269 1238 11

233 1379 273 1412 12

233 1490 271 1522 13

766 239 892 272 LIBER
909 239 1018 272 XXV.
1052 239 1142 272 CAP.
1163 240 1193 272 8.
1211 239 1242 272 9.
1559 255 1583 272 a.
1601 254 1627 272 n.
1642 247 1703 274 542.

306 243 384 283 124

303 349 492 397 petentes,
513 343 559 382 ad
577 342 823 382 Hannibalem
846 342 997 382 deducti
1020 347 1121 382 sunt.
1165 342 1228 393 qui
1250 354 1339 382 cum
1360 346 1398 381 et
1418 353 1553 381 causas
1571 340 1706 380 consili

303 402 362 441 sui
385 406 422 440 et.
443 400 532 452 quid
555 404 734 451 pararent
753 400 1036 451 exposuissent,
1058 399 1273 438 conlaudati
1295 399 1519 450 oneratique
1534 398 1705 450 promis-

304 458 357 497 sis
386 457 584 503 iubentur,
613 462 655 496 ut
681 457 793 496 fidem
822 456 1076 509 popularibus
1104 456 1273 495 facerent
1300 455 1507 508 praedandi
1529 467 1642 494 causa
1665 467 1706 493 se

304 515 397 554 urhe
418 526 618 565 egressos,
647 526 788 566 pecora
810 513 1200 564 Carthaginiensium,
1227 526 1323 564 quae
1344 517 1499 564 pastum
1520 511 1706 563 propulsa

304 576 450 619 essent,
477 571 522 610 ad
544 571 677 611 urbem
702 582 831 622 agere:
863 575 947 610 tuto
969 583 1013 609 ac
1033 570 1115 609 sine
1137 570 1347 609 certamine
1367 569 1403 608 id
1424 569 1594 608 facturos
1610 581 1705 620 pro-

303 628 470 668 missum
492 633 561 667 est.
603 633 808 679 conspecta
832 640 872 666 ea
895 627 1035 679 praeda
1057 627 1237 666 iuvenum
1256 632 1324 674 est,
1346 626 1552 677 minusque
1568 625 1705 664 iterum

303 699 348 726 ac
368 685 521 736 saepius
543 685 580 723 id
602 697 670 724 eos
692 684 831 723 audere
853 684 1038 723 miraculo
1059 684 1141 723 fuit.
1177 683 1479 734 congressicum
1498 681 1709 722 Hannibale

303 754 438 782 rursus
459 742 533 781 fide
555 746 763 780 sanxerunt
782 741 924 780 liberos
943 740 1173 780 Tarentinos
1195 740 1297 792 leges
1316 739 1465 792 'suaque
1486 738 1616 778 omnia
1637 739 1707 778 ha—

302 799 470 847 bimos,
498 811 623 850 neque
653 798 768 837 ullum
790 798 948 848 vectigal
969 798 1102 836 Poeno
1125 809 1319 848 pensuros
1341 797 1625 849 praesidiumve
1646 796 1707 835 in-

302 856 401 896 vitos
423 860 667 906 recepturos:
700 854 851 906 prodita
873 854 1065 906 praesidia
1087 854 1457 906 Carthaginiensium
1479 854 1574 892 fore.
1614 853 1709 892 haec

302 913 368 952 ubi
407 916 687 959 convenerunt,
723 916 815 950 tunc
849 924 939 951 vero
967 911 1213 951 Philemenus
1246 910 1566 950 consuetudinem
1596 915 1710 949 nocte

302 969 527 1020 egrediundi
554 969 817 1020 redeundique
844 968 882 1007 in
910 968 1046 1008 urbem
1073 968 1374 1020 frequentiorem
1395 968 1532 1006 facere.
1574 971 1611 1005 et
1630 971 1708 1005 erat

302 1027 463 1066 venandi
487 1025 615 1065 studio
637 1025 820 1076 insignis,
844 1037 1036 1076 canesque
1058 1031 1094 1064 et
1115 1026 1209 1064 alius
1232 1030 1440 1078 apparatus
1462 1023 1708 1076 sequebatur,

303 1089 533 1136 captumque
567 1083 687 1121 ferme
723 1082 861 1133 aliquid
899 1088 963 1122 aut
998 1082 1044 1121 ab
1072 1083 1186 1122 hoste
1214 1095 1258 1121 ex
1285 1086 1514 1134 praeparato
1541 1080 1708 1120 adlatum

302 1146 507 1193 reportans
535 1139 702 1179 donabat
734 1144 799 1179 aut
823 1139 1016 1190 praefecto
1041 1145 1106 1179 aut.
1132 1139 1358 1179 custodibus
1380 1143 1594 1190 portarum.
1634 1149 1708 1177 no-

303 1202 361 1237 cte
389 1197 554 1237 maxime
581 1208 800 1236 commeare
826 1202 988 1248 propter
1013 1201 1160 1235 metum
1189 1196 1360 1235 hostium
1384 1195 1602 1234 credebant.
1645 1193 1709 1233 ubi

1770 0 1778 86 ⁴2⁰-ae-

1740 860 1752 892 1
1759 860 1784 892 0⁷·

1740 1148 1778 1180 15

301 1255 378 1294 iam
402 1267 447 1293 eo
471 1253 767 1293 consuetudinis
789 1254 951 1293 adducta
971 1266 1034 1292 res
1058 1258 1126 1299 est,
1149 1258 1191 1292 ut
1207 1265 1452 1304 quocumque
1468 1251 1594 1291 noctis
1610 1256 1709 1290 tem-
1757 1282 1760 1284 .

301 1324 398 1363 pore
426 1310 537 1350 sibilo
567 1310 739 1350 dedisset
766 1310 940 1361 signum,
968 1315 1081 1362 porta
1107 1310 1338 1362 aperiretur,
1368 1315 1522 1361 tempus
1544 1308 1711 1359 agendae

302 1368 356 1408 rei
378 1368 578 1407 Hannibali
600 1367 725 1406 visum
748 1373 817 1407 est.
857 1367 973 1406 tridui
994 1367 1091 1406 viam
1115 1367 1262 1415 aberat3
1287 1366 1364 1413 ubi,
1387 1379 1462 1418 quo
1485 1365 1613 1404 minus
1634 1364 1709 1404 mi-

300 1438 387 1465 rum
406 1430 509 1464 esset
521 1437 598 1464 uno
616 1425 833 1476 eodemque
848 1425 934 1464 loco
952 1425 1088 1464 stativa
1105 1437 1192 1463 eum
1210 1429 1288 1464 tam
1306 1423 1370 1462 diu
1381 1423 1534 1469 habere,
1553 1434 1708 1473 aegrum

302 1482 518 1522 simulabat.
559 1481 745 1521 Romanis
767 1494 939 1534 quoque,
961 1481 1025 1534 qui
1045 1482 1084 1520 in
1105 1481 1299 1533 praesidio
1321 1479 1475 1520 Tarenti
1498 1484 1618 1526 erant,
1642 1491 1709 1518 su-

252 1543 277 1581 9
304 1544 435 1592 specta
463 1552 551 1579 esse
578 1540 654 1578 iam
687 1539 817 1590 segnis
845 1551 955 1578 mora
977 1538 1058 1578 eius
1080 1538 1255 1578 desierat.
1298 1538 1476 1577 Ceterum
1499 1541 1709 1588 postquam

300 1676 359 1717 21,
387 1675 443 1717 12,
470 1675 500 1708 ἵ.
517 1693 561 1698 -
575 1674 762 1720 praedmzd.
781 1686 825 1714 e.,
850 1676 973 1707 vorher

299 1732 360 1766 per
382 1722 526 1765 speciem
545 1721 707 1759 venantie,
731 1720 846 1764 Polyb.
866 1732 894 1753 c.
912 1720 971 1752 26:

301 1765 349 1804 ὠς
374 1764 437 1801 ἐπ’
465 1765 615 1805 ἐξοδίιιν
639 1763 883 1812 ὁρμήσαντες,
900 1767 971 1798 die—

302 1823 357 1845 ses
376 1813 421 1844 ist
439 1813 496 1844 das
516 1811 714 1853 Vorgeben3
734 1812 787 1844 die
806 1811 971 1853 Gelegen-

303 1859 373 1890 heit
391 1858 492 1890 Beute
518 1868 559 1889 zu
576 1858 710 1889 macheu
729 1856 806 1889 saud
824 1858 891 1889 sich
910 1868 972 1889 zu-

301 1903 461 1945 ffillig.-—-
475 1906 652 1947 conspect„
665 1903 720 1935 fiel
734 1904 764 1935 in
779 1904 830 1935 die
845 1902 971 1946 Augen,

300 1949 355 1991 21,
373 1949 405 1991 4,
424 1948 454 1981 8.

348 2005 447 2037 7—8.
464 2005 538 2049 fide
563 2016 683 2046 sanan,
708 2004 777 2036 Pol.
804 2002 912 2037 αὐτοί
932 2015 969 2037 τε

301 2052 379 2086 τοῖς
407 2051 494 2095 περὶ
528 2047 594 2083 τὸν
630 2048 799 2092 Ἀννίβαν
833 2048 970 2082 ἔδοσαν

303 2098 458 2135 πίστεις,
477 2096 538 2128 καὶ
553 2093 643 2140 παρ’
661 2094 809 2128 ἐκείνων
827 2093 967 2136 ἔλαβον.

300 2142 399 2174 Diese
429 2142 662 2182 Bedingungen
696 2140 769 2172 sind
802 2141 969 2172 dieselben

300 2187 363 2219 wie
381 2186 441 2227 24,
461 2187 494 2228 1,
511 2187 543 2218 9.
561 2205 603 2209 —
621 2186 768 2229 vectigal
783 2186 854 2217 hier
872 2186 969 2218 iiber-

301 2234 402 2276 haupt
426 2232 573 2273 Abgabe.
596 2250 640 2255 --
659 2231 759 2274 prod.
788 2242 901 2275 praes.
927 2232 971 2263 ist

301 2279 389 2311 nicht
405 2278 532 2319 richtig,
552 2278 592 2309 da
606 2288 667 2309 nur
680 2278 743 2309 ein
756 2277 970 2321 praesidc'mn

299 2325 330 2356 in
367 2324 427 2356 der
456 2323 553 2355 stadt
580 2333 667 2363 war,
697 2323 761 2354 und
795 2323 846 2354 die
876 2323 969 2355 beste

299 2370 378 2402 Hds.
396 2368 567 2413 praesidio
585 2369 657 2407 hat3
681 2368 771 2400 viell.
798 2368 842 2400 ist
866 2373 970 2400 etwas

300 2414 505 2455 ausgefallen
515 2426 522 2445 :
534 2414 672 2458 prodita
686 2414 833 2458 hospitia
846 2413 970 2446 Roma-

299 2470 420 2492 norum
444 2470 520 2492 eum
542 2460 730 2504 praesidio,
756 2469 782 2491 s.
800 2470 827 2491 c.
856 2460 912 2500 10,
937 2460 968 2500 9,

301 2506 367 2537 und
383 2506 500 2548 Polyb.
524 2505 616 2547 giebt
637 2506 686 2537 als
704 2505 895 2546 Bedingung
912 2515 969 2537 an:

302 2547 366 2586 τὰς
393 2549 430 2583 δὲ
457 2551 530 2584 τῶν
549 2548 738 2595 Ῥωμαίων
768 2550 886 2586 οἰκίας
907 2552 972 2582 καί

302 2593 533 2637 καταλύσεις,
575 2593 729 2630 ἐπειδὰν
762 2592 969 2641 κρατήσωσι

302 2641 364 2682 τῆς
388 2639 546 2681 πόλεως,
577 2640 710 2680 ἐξεῖναι
736 2640 968 2687 Καρχηδονί-

304 2697 359 2722 οις
376 2684 606 2730 διαρπάζειν.

1090 1674 1211 1707 9-11.
1239 1677 1317 1707 tune
1335 1684 1383 1715 zu,
1407 1683 1433 1705 s.
1453 1671 1513 1714 34,
1538 1671 1599 1712 39,
1617 1672 1648 1704 9.
1666 1690 1709 1696 ——

1046 1721 1183 1753 Plzz'lem.
1214 1720 1381 1752 erscheint
1404 1719 1494 1760 jetzt
1522 1717 1622 1750 allein
1648 1718 1710 1749 wie

1044 1766 1126 1799 Nico
1144 1765 1204 1804 26,
1229 1765 1282 1797 39.
1299 1783 1343 1788 -
1360 1764 1475 1807 egrcd.
1501 1775 1533 1796 n.
1557 1774 1602 1795 ex
1618 1765 1710 1803 urbe,

1044 1812 1110 1853 vgl.
1129 1810 1183 1852 29,
1201 1810 1255 1852 26,
1273 1810 1308 1842 6:
1327 1809 1606 1853 transferendum
1620 1810 1709 1852 etfl-

1043 1857 1202 1889 niensium
1224 1858 1258 1889 in
1275 1857 1399 1898 Africa
1417 1855 1553 1897 bellum,
1579 1854 1638 1895 26,
1657 1854 1710 1893 27,

1047 1903 1106 1943 12,
1131 1902 1191 1943 35,
1220 1902 1279 1943 19,
1303 1901 1333 1934 6.
1352 1920 1396 1924 —
1414 1912 1459 1933 ex
1472 1911 1609 1944 praep.,
1634 1910 1660 1932 s.
1679 1900 1710 1940 2,

1044 1948 1096 1988 37,
1116 1947 1145 1980 8.
1163 1966 1208 1971 ——
1225 1950 1326 1987 cust„
1350 1946 1468 1988 Polyb.
1493 1957 1520 1978 c.
1544 1946 1603 1978 27:
1628 1942 1712 1981 τοὺς

1043 1989 1296 2037 φυλάττοντας
1313 1988 1378 2025 τὸν
1390 1991 1542 2024 πυλῶνα
1555 1987 1620 2024 τὸν
1634 1986 1708 2022 ὑπὸ

1042 2037 1104 2074 τὰς
1123 2037 1334 2083 Τημενίὸας
1356 2035 1711 2082 προσαγορευμένας

1042 2081 1168 2120 πύλας.
1187 2101 1230 2106 -—
1248 2083 1354 2126 sibilo,
1372 2083 1465 2115 viell.
1484 2083 1528 2114 ist
1540 2085 1621 2114 noto
1635 2082 1711 2114 dar-

1042 2129 1121 2161 nach
1130 2128 1352 2170 ausgefallem
1364 2129 1432 2170 c.9,
1444 2127 1495 2160 13.
1513 2127 1584 2160 Pol.
1594 2134 1710 2171 προσ-

1043 2176 1197 2218 συρίξαι.
1222 2192 1266 2197 ———
1290 2174 1412 2207 dedis-s.
1439 2185 1469 2207 n.
1488 2173 1709 2212 Philemenus,

1042 2231 1068 2253 s.
1092 2221 1120 2259 1,
1141 2220 1194 2261 32,
1216 2220 1267 2252 13.

1089 2277 1140 2309 12.
1166 2279 1270 2316 viam,
1294 2276 1333 2308 Z.
1358 2276 1378 2319 ξ
1404 2275 1486 2316 396;
1510 2276 1577 2317 vgl.
1602 2286 1629 2307 c.
1655 2274 1708 2315 32,

1043 2323 1082 2362 -13
1108 2322 1160 2363 30,
1186 2323 1238 2365 29,
1262 2322 1280 2354 2
1304 2333 1335 2354 u.
1353 2332 1383 2354 a.
1402 2340 1446 2345 —
1462 2331 1604 2364 aegrum
1623 2322 1709 2360 sim„

1043 2378 1080 2400 er
1097 2368 1216 2411 spielte
1231 2368 1292 2399 den
1312 2366 1484 2404 Hronken,
1511 2366 1624 2398 stellte
1641 2366 1708 2397 sich

1042 2413 1165 2453 krank3
1186 2413 1247 2446 Ov.
1262 2413 1352 2445 Rem.
1367 2423 1429 2445 am.
1444 2412 1524 2444 483:
1544 2414 1577 2444 et
1589 2421 1709 2444 sanum

1046 2459 1184 2499 simula,
1214 2459 1295 2491 doch
1319 2459 1440 2490 konnte
1464 2469 1501 2490 se
1524 2457 1625 2490 leicht
1648 2466 1710 2489 vor

1042 2505 1205 2537 simulare
1226 2504 1400 2537 ausfallen.
1435 2502 1568 2546 Polyb.:
1594 2497 1707 2534 πάλαι

1042 2547 1270 2595 ἐπεπόριστο
1290 2550 1430 2592 σκῆψιν
1447 2545 1494 2585 ὡς
1510 2545 1710 2594 ἀρρωστῶν

1043 2600 1106 2627 etc.
1121 2597 1200 2635 iam,
1219 2596 1270 2627 die
1285 2595 1438 2634 Stellung
1452 2594 1495 2626 ist
1509 2594 1708 2634 ungewb'hn-

1043 2641 1118 2682 lich,
1135 2641 1198 2672 wie
1217 2640 1247 2682 2,
1265 2641 1316 2683 45,
1338 2640 1397 2679 123
1418 2640 1453 2680 5,
1473 2639 1526 2679 34,
1545 2639 1582 2678 33
1603 2638 1657 2680 42,
1676 2638 1707 2678 5,

1048 2686 1075 2728 1,
1093 2686 1239 2718 weshalb
1258 2689 1329 2719 tam
1344 2685 1533 2719 vermuthet
1549 2684 1646 2716 wird.

1738 1432 1778 1464 20
