1784 2967
65 861 104 893 10

61 1141 100 1172 15

136 258 161 276 a.
177 251 231 276 Ch.
248 251 307 276 210.

569 241 696 274 LIBER
712 241 840 273 XXVI.
874 243 967 275 CAP.
984 243 1039 275 41.
1058 243 1113 275 42.

1460 243 1539 282 303

135 343 276 394 leyatos
300 343 530 395 implorant3
568 351 644 383 tres
672 344 784 383 duces
812 344 1091 391 discordantes,
1122 357 1245 397 prope
1271 351 1313 384 ut
1339 345 1544 397 defecerint

134 400 206 438 alii
237 400 283 438 ab
320 400 424 446 aliis,
459 402 660 452 trifariam
692 402 904 439 exercitum
930 403 972 439 in
999 402 1171 440 diversas
1198 404 1370 453 regiones
1398 402 1542 441 distra—

131 468 244 495 oeere:
281 457 413 495 eadem
439 459 479 496 in
507 457 595 496 illos
620 459 768 507 ingruit
792 458 972 508 fortuna,
1002 470 1097 508 quae
1124 470 1249 509 nuper
1276 470 1346 497 nos
1366 458 1539 508 adfliocit,·
1570 467 1605 499 21

133 525 226 551 nam
247 519 281 551 et
301 514 530 553 deseruntur
557 513 602 552 ab
632 515 755 559 sociis,
777 520 819 552 ut
834 516 948 565 prius
971 513 1017 552 ab
1042 513 1236 553 Celtiberis
1256 527 1342 562 nos,
1372 522 1405 554 et
1427 515 1540 554 didu-

133 581 228 608 ocere
255 572 461 617 ewercitus,
489 582 584 621 quae
605 572 717 620 patri
736 577 952 621 patruoque
979 582 1061 609 meo
1084 583 1201 609 causa
1221 573 1330 609 ewitii
1346 573 1432 622 fuit.
1472 584 1539 610 nec
1568 577 1609 610 22

133 626 328 665 discordia
355 628 532 665 intestina
559 628 661 665 coire
688 638 751 665 eos
776 628 818 664 in
842 639 963 665 unum
991 629 1103 673 sinet,
1129 639 1247 678 neque
1269 627 1413 677 sinyuli
1430 628 1541 667 nobis

133 683 305 720 resistere
321 689 513 733 poterunt.
554 694 622 721 vos
647 683 780 729 modo,
810 683 964 729 milites,
992 684 1116 734 favete
1137 685 1288 722 nomini
1305 682 1539 734 Scipionum,

129 737 258 776 suboli
275 740 556 789 imperatorum
577 745 795 778 vestrorum
817 739 919 778 velut
941 742 1075 778 accisis
1095 742 1324 778 recrescenti
1343 741 1539 791 stirpibus.

133 797 247 845 ayz'te,
269 795 407 834 milites
433 802 593 840 veteres,
614 808 758 834 novum
780 798 990 835 eoeercitum
1010 808 1226 847 novumque
1249 797 1381 836 ducem
1402 798 1540 836 tradu-
1568 803 1609 834 23

134 854 200 890 cite
220 850 420 899 Hiberum,
443 852 630 891 traducite
650 854 691 890 in
712 859 838 891 terras
860 865 945 891 cuin
966 853 1096 891 multis
1115 853 1282 904 fortibus
1297 854 1411 904 factis
1431 866 1540 904 saepe

131 920 154 946 a
181 908 288 946 vobis
304 915 548 959 peragratas.
591 908 700 947 brevi
717 910 863 959 faciam
884 915 943 956 ut,
971 922 1081 961 quein
1102 910 1152 949 ad
1172 910 1328 948 modum
1348 912 1542 948 noscitatis
1568 915 1611 946 21

128 966 169 1002 in
189 977 248 1002 me
267 966 391 1015 patris
406 967 612 1016 patruique
633 965 919 1004 similitudinem
941 969 1020 1004 oris
1041 965 1241 1016 vultusque
1262 973 1295 1004 et
1311 966 1541 1005 lineamenta

131 1023 324 1071 corporis,
352 1023 406 1059 ita
426 1023 580 1072 ingenii,
607 1022 700 1072 fidei
717 1024 941 1073 virtutisque
966 1022 1222 1073 [exemplum]
1247 1022 1413 1073 effigiem
1433 1023 1541 1061 vobis
1569 1032 1609 1063 25

129 1077 300 1122 reddam,
320 1083 362 1115 ut
382 1080 567 1116 reviaxisse
589 1084 655 1117 aut
673 1085 852 1117 renatum
871 1079 946 1117 sibi
964 1081 1118 1130 quisque
1134 1077 1349 1130 Scipionem
1370 1081 1541 1130 impera—

131 1140 251 1172 torem
272 1134 411 1172 dicat.“

241 1189 326 1228 Hac
349 1192 521 1229 oratione
543 1193 711 1229 accensis
731 1190 897 1229 militum
914 1193 1064 1237 animis,
1086 1191 1217 1230 relicto
1235 1181 1287 1230 ad
1297 1193 1539 1242 praesidium
1564 1195 1614 1233 42

126 1247 296 1296 reqionis
338 1248 418 1284 eius
451 1245 504 1284 M.
539 1246 672 1285 Silano
709 1260 795 1286 cum
829 1247 953 1287 tribus
985 1248 1144 1287 milibus
1166 1248 1338 1299 peditum
1365 1251 1540 1287 trecentis

127 1302 328 1353 equitibus,
359 1309 502 1341 ceteras
528 1314 657 1342 omnes
683 1306 813 1355 copias
843 1328 898 1332 —
924 1311 1035 1344 erant
1064 1312 1190 1344 autem
1217 1306 1354 1356 viginti
1378 1307 1540 1357 quinque

128 1392 167 1423 οἱ
197 1393 271 1424 τῶν
299 1392 569 1445 Καρχηδονίων
609 1390 796 1438 inspo'zsc,

128 1446 374 1490 κρατησαντες
433 1450 506 1471 ron
552 1442 795 1478 υπειιιιτιων,

128 1483 238 1526 σφῶν
246 1494 364 1516 “UTKOV
378 1496 444 1515 0112
458 1481 550 1526 ἠδυν
553 1495 640 1517 061)Το
650 1496 797 1518 ‘socheStv

128 1528 190 1559 καὶ
208 1525 275 1559 δός
257 1539 380 1566 ,ναιτες
398 1527 462 1561 τὸι
480 1527 575 1574 πρὸς
588 1527 797 1574 Ρωιιαίους

125 1570 294 1618 πόλεμον
308 1571 539 1628 ἀνηρηκέναι
551 1572 645 1617 ποὺς
665 1572 797 1612 αὐτοὺς

127 1616 358 1657 ἕστιισίαζοι.
382 1638 427 1643 —
451 1619 502 1653 ὠν
525 1617 797 1664 ὑπάοχωνᾎσ-

127 1660 319 1705 δοούβας(
302 1676 321 1696 ο
338 1665 483 1697 Γεσκωτ
477 1676 526 1701 ος
544 1666 594 1701 εἰς
608 1667 717 1698 τοῦτο
732 1678 797 1698 κα-

126 1706 442 1762 κοπραγμοσύνης
459 1707 633 1761 προήχθη
652 1710 714 1743 διὰ
732 1709 797 1753 τὴν

126 1740 308 1793 ἐξουσίαν,
326 1751 374 1790 ὡς
398 1752 462 1787 τὸν
479 1752 707 1788 πιστότατον
723 1767 796 1789 των

126 1794 200 1829 κατ’
217 1795 377 1850 Ἰβηρίαν
389 1801 454 1843 qt)
460 1797 738 1842 ωνᾎνὸοβαλην
752 1820 796 1824 —

125 1840 322 1884 ἐπεβάΙετο
340 1843 544 1888 χρημάτων
567 1846 637 1886 πλῆ
643 1849 712 1881 <109
735 1846 794 1877 αἰ-

124 1889 211 1920 τεῖν.
248 1888 312 1920 τοῦ
343 1889 383 1921 δὲ
416 1887 725 1943 παρακούσαντος
747 1910 792 1915 -—

122 1929 309 1987 ἠνάγκασε
329 1933 394 1967 τὸν
412 1931 636 1977 Ἀνδοβάλην
659 1935 751 1969 (Ῡουι
744 1948 791 1968 αι

123 1976 188 2014 τὰς
209 1977 342 2011 ἑαυτοῦ
370 1980 580 2032 θυγατέρας
612 1982 664 2017 εἰς
695 1979 790 2033 ὁμη-

123 2025 245 2066 ρειαν;
278 2024 320 2056 ib.
357 2025 415 2065 10,
448 2025 507 2078 36ε
539 2023 790 2078 ὑπευηφάνως

121 2068 239 2112 {Anah
241 2081 281 2101 το
307 2072 386 2105 τοῖς
401 2081 492 2102 κατα
509 2082 575 2112 την
586 2082 725 2114 Awoav
743 2090 788 2095 —

121 2114 180 2146 alii
199 2116 240 2146 ab
265 2114 307 2146 al.
332 2115 377 2147 ist
400 2116 490 2148 nicht
512 2117 670 2158 passend,
693 2118 733 2148 da
751 2128 787 2149 es

122 2170 185 2190 nur
202 2160 271 2190 drei
291 2159 474 2192 Feldherrn
492 2162 581 2202 sind,
605 2163 726 2194 anders
744 2163 788 2194 ist

124 2204 153 2241 1,
172 2203 226 2245 25,
245 2205 263 2235 5
286 2215 350 2235 von
375 2205 529 2237 Zweien:
562 2218 667 2250 super
682 2207 788 2240 alium

120 2249 221 2281 alzssas
239 2267 277 2271 —
300 2249 434 2290 divers„
453 2261 479 2282 s.
494 2251 611 2294 Polyb.
632 2252 683 2292 10,
699 2253 730 2284 7.
744 2271 788 2276 —

119 2296 253 2336 ingruit
266 2295 330 2326 wie
349 2295 366 2336 ξ
388 2295 428 2327 19
446 2306 531 2329 esse.
553 2315 598 2320 —
617 2300 658 2329 ut
672 2308 735 2330 nos
753 2309 785 2329 n.

120 2340 249 2372 deserti
269 2350 400 2372 sumus.
428 2358 473 2365 —
502 2341 644 2374 discord.
669 2342 787 2385 Polyb.

121 2385 173 2424 10,
193 2384 227 2415 6;
240 2381 488 2429 χωρὶς-ἀπ
509 2382 674 2428 ἀλλήλων
690 2386 787 2419 πολὺ

120 2414 421 2482 διεσπασμένους
465 2429 786 2484 στρατοπεδεύειν.

118 2493 163 2498 —
179 2471 220 2506 τὸ
240 2474 280 2507 δὲ
303 2476 366 2527 μέ)
368 2485 495 2516 ι’,ιστοι
521 2474 787 2515 στασιάζοντας

118 2516 212 2563 πρὸς
229 2517 416 2562 ἀλλήλους.
450 2523 618 2565 εἰτ’·ἰριῠας·
636 2523 701 2554 soll
718 2524 784 2555 wol

117 2564 177 2596 auf
190 2566 241 2597 die
259 2566 374 2598 beiden
389 2566 564 2609 Scipionen
582 2568 698 2610 gehen,
715 2569 785 2609 vgl.

117 2609 171 2651 24,
189 2611 242 2651 45,
261 2610 291 2643 3.

162 2654 308 2688 23—25.
347 2656 604 2699 Aufforderung.
634 2676 679 2681 —
706 2669 783 2691 cum

859 1622 1029 1653 *Ruhnken
1084 1632 1187 1653 verm.

858 1667 1064 1711 .e.rcmplum
1083 1678 1284 1710 eoepressam
1302 1668 1469 1710 effigiem.
1493 1686 1537 1690 —

868 1396 978 1435 mult„
1004 1406 1030 1427 s.
1050 1395 1102 1436 21,
1121 1395 1175 1436 43,
1196 1395 1248 1427 13.
1272 1396 1494 1437 —sortibus
1510 1407 1537 1427 s.

869 1452 897 1473 e.
917 1440 970 1481 30,
990 1440 1020 1472 3.
1039 1459 1083 1464 ——
1101 1444 1171 1473 oris
1189 1445 1253 1472 etc.
1279 1442 1359 1472 nach
1384 1441 1438 1481 21,
1457 1441 1486 1483 4,
1503 1442 1538 1472 2:

868 1487 1018 1518 habitum
1054 1488 1122 1519 oris
1160 1486 1435 1528 lineamentaque.
1494 1486 1540 1518 Im

868 1532 963 1571 Folg.
989 1532 1033 1563 ist
1057 1532 1137 1562 nach
1161 1531 1264 1563 Hertz
1288 1532 1479 1575 eoeemplum
1497 1543 1539 1563 zu

870 1578 1028 1620 effigiem
1075 1581 1271 1617 zugesetzte
1326 1577 1536 1617 Erkliirung:

1241 1624 1442 1664 virtutisque
1495 1622 1540 1654 ad

867 1711 1074 1755 Scipionem,
1108 1713 1189 1743 nach
1223 1714 1295 1744 dem
1329 1714 1536 1753 Vorhergeh.

868 1758 968 1789 sollte
986 1768 1058 1788 man
1076 1756 1251 1800 Scipiones
1270 1763 1449 1797 erwarteu,
1468 1758 1535 1798 vgl.

868 1802 1059 1843 Si1.1t15‚
1082 1802 1156 1833 133.

910 1886 1106 1924 42.1.-—4
1131 1893 1282 1934 regionis
1297 1894 1337 1924 ei.
1342 1892 1486 1935 ‚.P01yb
1505 1904 1534 1924 c

865 1937 904 1969 6:
929 1934 1206 1989 ἑφεὸρεύσοιτα
1228 1940 1305 1974 τοῖς
1333 1936 1438 1974 ἐντὸς
1468 1939 1535 1970 τοῦ

863 1985 1040 2027 ποτααοῦ
1074 1980 1300 2027 συμμάχοις.
1348 1983 1441 2015 Auch
1474 1984 1532 2015 das

861 2027 957 2068 Folg.
984 2029 1028 2059 ist
1045 2028 1093 2059 his
1113 2012 1173 2059 auf
1194 2028 1321 2069 wenige
1340 2028 1533 2060 Einzelhei—

859 2077 914 2104 teu
930 2074 994 2105 und
1011 2073 1231 2113 Wendungen
1246 2083 1308 2105 von
1324 2073 1440 2116 Polyb.
1458 2079 1534 2106 ent-

858 2117 963 2150 lehnt.
1010 2137 1055 2142 —
1095 2119 1171 2150 trib.
1219 2138 1260 2142 —
1303 2130 1370 2161 eq.,
1415 2118 1520 2161 P013b
1525 2144 1532 2150 .

859 2164 1085 2206 τρισχιλίους
1095 2161 1226 2206 ἔχοντα
1235 2163 1431 2201 πεζοὺςκαὶ
1443 2174 1531 2196 πεν-

858 2211 1055 2245 τακοσίους
1080 2209 1220 2244 ἱππεῖς.
1253 2227 1297 2231 ——
1328 2211 1395 2250 rig.
1420 2211 1528 2250 quinq.

857 2265 919 2295 m.,
943 2254 1219 2285 wahrscheinlich
1252 2254 1339 2285 blieb
1368 2255 1451 2285 auch
1478 2254 1529 2285 ein

858 2298 956 2331 Theil
974 2300 1032 2330 des
1047 2299 1172 2330 Heeres
1186 2299 1217 2330 in
1232 2299 1292 2330 den
1308 2298 1529 2339 Garnisonen,

859 2345 901 2376 da
918 2345 998 2376 nach
1017 2355 1044 2377 c.
1069 2344 1107 2375 17
1125 2355 1157 2375 u.
1179 2344 1219 2375 19
1239 2348 1310 2375 erst
1326 2344 1358 2375 in
1377 2344 1450 2375 dem
1467 2354 1528 2375 vo-

861 2390 954 2429 rigeu
974 2390 1072 2421 Jahre
1090 2388 1214 2429 20,000
1233 2388 1330 2420 Manu
1349 2390 1430 2420 nach
1446 2389 1527 2431 Spa-

858 2435 933 2466 nien
951 2435 1155 2475 gekommen,
1174 2434 1257 2465 dazu
1275 2435 1356 2465 nach
1381 2445 1408 2466 c.
1433 2434 1488 2473 41,
1507 2435 1525 2465 2

858 2480 947 2511 5000
988 2480 1084 2511 Manu
1123 2479 1422 2519 Bundesgenossen
1467 2490 1525 2520 ge-

858 2529 991 2556 stossen
1022 2525 1114 2563 sind,
1143 2525 1208 2555 und
1234 2524 1380 2556 Marcius
1403 2525 1525 2565 gewiss

856 2571 950 2602 mehr
971 2570 1021 2601 als
1046 2569 1133 2600 3000
1159 2568 1255 2600 Manu
1281 2570 1393 2609 nothig
1423 2571 1525 2610 hatte,

855 2625 909 2646 um
928 2615 978 2646 die
993 2615 1115 2646 Punier
1131 2614 1342 2655 abzuhalten,
1361 2616 1419 2646 das
1437 2615 1526 2647 Heer

854 2660 926 2692 also
940 2662 1078 2700 griisser
1091 2670 1169 2701 war,
1186 2660 1236 2692 als
1250 2660 1322 2692 hier
1334 2661 1522 2701 angegeben
