1784 2967
74 843 114 875 10

2 851 13 1190 ῄ-ἨΛ

151 247 176 265 a..
191 237 245 263 Ch.
262 237 323 262 211.

148 341 312 379 rumque
333 327 441 367 solus
462 327 501 367 in
523 332 673 367 secreto
696 326 748 365 ibi
768 332 923 378 tempus
945 334 1094 370 tereret.
1135 330 1198 370 hic
1217 343 1324 379 mos,
1354 344 1464 384 quem
1484 345 1554 384 per
1582 342 1602 375 6

615 224 742 258 LIBER
758 224 885 258 XXVI.
920 226 1011 259 CAP.
1032 228 1084 260 19.

1471 232 1553 272 247

149 397 307 424 omnem
328 384 442 423 vitam
461 384 646 430 servabat,
669 395 739 422 seu
755 384 931 422 consulto
950 397 1017 424 seu
1033 391 1176 426 temere
1191 388 1361 438 vulgatae
1378 388 1553 439 opinioni

146 441 263 480 fidem
286 441 388 492 apud
406 441 596 492 quosdam
617 439 708 478 feeit
728 439 861 491 stirpis
884 452 969 479 eum
994 441 1142 482 divinae
1162 444 1286 484 virum
1308 457 1407 491 esse,
1429 450 1551 485 rettu-
1581 459 1599 490 7

145 497 264 549 litque
283 497 426 536 famam
448 497 487 536 in
507 496 724 536 Alexandro
746 508 887 547 magno
908 497 1017 547 prius
1038 499 1246 548 vulgatam,
1273 506 1310 539 et
1330 501 1494 540 vanitate
1514 508 1552 541 et

145 554 273 593 fabula
294 566 440 606 parem,
461 552 600 603 anguis
621 552 804 591 immanis
827 553 1032 592 concubitu
1055 561 1303 606 conceptum,
1324 563 1360 596 et
1380 557 1420 596 in
1441 558 1549 597 cubi-

145 611 230 649 culo
252 610 385 649 matris
407 609 487 648 eius
510 609 632 648 visam
654 621 841 660 persaepe
857 609 1025 660 prodigii
1045 610 1127 649 eius
1149 613 1329 661 speciem,
1352 614 1550 654 interven-

144 673 263 717 tuque
283 667 488 705 hominum
510 665 702 704 evolutam
724 671 882 716 repente
909 671 1022 717 atque
1052 679 1097 705 ex
1119 667 1238 706 oculis
1266 668 1446 720 elapsam.
1487 671 1548 710 his

143 722 340 762 miraculis
367 734 581 773 numquam
611 721 657 760 ab
687 722 774 772 ipso
802 722 905 761 elusa
932 723 1028 761 fides
1057 728 1133 771 est,
1161 724 1253 775 quin
1280 725 1411 776 potius
1439 732 1548 766 aucta

144 784 224 818 arte
246 779 410 830 quadam
433 791 505 817 nec
525 778 718 817 abnuendi
739 779 810 817 tale
831 779 1035 830 quicquam
1065 791 1138 818 nee
1159 780 1284 831 palam
1306 782 1546 822 adfirmandi.

142 835 260 874 multa
276 835 344 874 alia
360 835 535 874 eiusdem
552 835 717 885 generis,
740 835 811 874 alia
832 847 920 874 vera
935 835 1003 874 alia
1021 835 1260 883 adsimulata,
1283 837 1548 877 admirationis

140 891 331 931 humanae
359 891 398 930 in
429 904 474 931 eo
504 891 640 931 iuvene
667 897 914 931 excesserant
940 892 1121 939 modum,
1158 892 1297 943 quibus
1330 894 1425 933 freta
1452 899 1547 934 tunc

137 1070 238 1100 quam
251 1059 456 1101 dc'lucularet,
471 1061 504 1092 in
515 1059 717 1103 Capitolium
730 1069 807 1091 ven-

137 1106 240 1137 titare
258 1115 296 1136 ac
312 1106 426 1137 iubere
438 1106 568 1148 aperiri
579 1104 692 1136 cellam
706 1104 806 1143 Iovis,

136 1151 296 1192 alqueibz'
313 1150 423 1182 solum
441 1150 500 1182 diu
522 1149 696 1182 demorari
710 1150 809 1191 quasi

137 1195 380 1227 consultantem
401 1195 442 1226 de
454 1195 625 1238 republica
637 1205 713 1226 cum
729 1194 804 1226 love

134 1245 218 1277 etc.;
233 1240 315 1271 Aur.
326 1240 413 1272 vict.
421 1240 479 1271 49:
493 1242 527 1271 in
537 1239 737 1283 Capitolium
750 1241 804 1270 in-

135 1287 299 1328 tempesta
310 1288 407 1316 nocte
414 1287 547 1317 euntem
559 1295 742 1327 numquam
751 1294 805 1316 ca-

132 1341 193 1362 nes
206 1330 426 1362 latraverunt.
435 1348 480 1352 —
489 1331 522 1361 iu
536 1333 666 1362 secreto
681 1330 740 1361 n'zih
747 1339 803 1360 ere

134 1375 359 1415 Bestimmung
383 1386 448 1407 von
477 1375 588 1407 solus:
614 1375 656 1406 im
683 1374 804 1406 Gehei—

133 1431 219 1462 men,
238 1420 268 1451 in
288 1420 455 1461 geheimer
471 1419 722 1460 Unterredung3
742 1420 801 1451 Dio

135 1465 305 1497 Cass.l.l.:
321 1466 412 1511 πρὶν
421 1464 454 1502 ἔς
463 1476 499 1498 τε
513 1463 552 1496 τὸ
562 1462 805 1497 Καπιτώλιον

135 1507 311 1553 ἀναβῆναι
336 1510 396 1542 καὶ
413 1507 556 1553 χρόνον
579 1508 659 1543 τινὰ
679 1508 803 1543 ἐνδια-

134 1558 278 1599 τρῖψαι,
297 1556 364 1596 vgl.
383 1555 516 1587 Preller
533 1555 609 1586 210.

180 1600 211 1632 6.
238 1601 408 1641 consulto,
432 1601 626 1632 absichtlich
644 1611 707 1631 von
728 1599 802 1631 Sci-

134 1647 198 1688 pio.
222 1664 266 1668 —
291 1647 411 1689 stirpis
430 1646 512 1686 dita,
537 1646 604 1687 vgl.
623 1645 677 1685 38,
696 1644 747 1686 58,
767 1645 801 1676 7:

133 1691 172 1722 P.
190 1692 393 1732 Africanum
414 1694 544 1723 tantum
563 1693 724 1734 paternas
742 1701 802 1722 su-

130 1738 302 1779 peravisse
324 1736 456 1775 laudes,
483 1740 522 1768 ut
534 1736 642 1779 fidem
657 1737 799 1776 fecerit,

133 1792 198 1812 non
230 1783 398 1822 sanguine
429 1781 577 1813 humano
607 1781 669 1812 sed
694 1782 802 1822 stirpe

133 1826 247 1857 (ἰίτίηα
269 1829 382 1857 satum
406 1836 443 1857 se
468 1837 559 1865 esse;
584 1826 651 1865 vgl.
677 1825 736 1856 Sil.
763 1823 802 1856 It.

136 1871 193 1910 13,
214 1870 277 1901 642
297 1881 366 1912 sqq.
390 1889 436 1893 —
458 1881 538 1913 ang.
559 1882 632 1908 un„
658 1871 716 1901 der
735 1869 801 1901 Ge-

134 1916 207 1947 nius
226 1916 283 1947 des
302 1915 447 1955 Hauses,
473 1926 499 1946 s.
518 1915 648 1947 Preller
665 1915 742 1946 567.
757 1932 802 1937 -—

134 1961 295 2002 rettulitq.
316 1961 435 2001 geho'rt
450 1962 530 1991 noch
546 1972 586 1992 zu
599 1971 684 1998 mos,
704 1970 800 1991 wenn

133 2007 215 2037 auch
239 2007 332 2037 mehr
348 2016 388 2036 an
407 2006 517 2047 Scipio
537 2006 642 2037 selbst
659 2016 698 2036 zu
719 2005 800 2036 den-

134 2051 198 2082 ken
222 2051 283 2092 ist,
309 2051 375 2091 vgl.
401 2050 460 2091 37,
488 2050 521 2092 1,
539 2051 575 2082 9:
601 2061 656 2083 res
679 2069 725 2073 —
747 2060 799 2081 ee-

132 2097 220 2134 Iata,·
240 2096 282 2127 ib.
302 2095 332 2136 6,
351 2096 388 2134 73
409 2095 439 2137 3,
457 2096 511 2136 55,
530 2095 564 2126 6:
591 2096 710 2128 relatis
728 2097 799 2136 qui-

134 2141 275 2173 busdam
299 2159 343 2163 —
368 2142 584 2173 caerimoniis
593 2152 605 2179 ‚·
634 2141 700 2172 Cic.
725 2141 799 2172 Div.

136 2186 165 2216 in
191 2186 285 2217 Caee.
304 2185 363 2225 21,
382 2185 439 2216 ss'l:
469 2186 674 2218 consuetudo
699 2186 800 2228 longo

133 2230 307 2262 intervallo
320 2233 463 2273 repetita
477 2241 514 2262 ac
527 2232 637 2263 relata
650 2235 733 2270 etc.;
752 2231 800 2262 sie

134 2275 312 2315 bewirkte,
343 2276 419 2306 dass
442 2276 570 2307 wieder
595 2277 626 2308 in
651 2277 708 2308 das
733 2275 799 2308 Ge-

133 2321 302 2352 ‹liicbtniss
327 2321 416 2360 kam,
436 2331 461 2353 s,
479 2320 499 2362 ξ
518 2321 548 2352 9.
565 2340 610 2344 —
632 2323 668 2352 in
685 2321 800 2363 Alem,

133 2377 172 2397 an
188 2366 246 2407 A.,
272 2367 301 2396 in
320 2366 431 2405 Bezug
447 2365 505 2397 auf
515 2367 586 2406 AL,
604 2367 666 2398 wie
680 2368 800 2408 facere

132 2412 167 2442 in
191 2411 319 2452 aliquo,
345 2411 411 2451 vgl.
437 2421 497 2442 zur
515 2411 619 2443 Saehe
643 2411 724 2443 lust.
747 2412 798 2452 12,

137 2455 196 2495 163
214 2455 301 2487 Plut.
315 2455 412 2487 Alex.
428 2455 458 2487 2.
476 2475 520 2479 —-—
538 2467 613 2488 van.
629 2468 657 2488 e,
671 2457 798 2498 fabula,

135 2502 164 2532 in
184 2501 365 2532 Riieksicht
381 2500 440 2532 auf
454 2502 510 2533 das
529 2500 722 2533 Fabelhafte
741 2503 800 2533 det·

136 2546 341 2586 Erz‘zihlung:
377 2547 450 2577 eine
480 2547 658 2587 grundlose
683 2546 797 2578 Fabel.

133 2590 170 2622 L.
200 2592 325 2634 spricht
358 2592 427 2623 hier
461 2592 529 2623 sein
564 2591 707 2633 Urtheil,
741 2592 799 2624 das

880 1069 917 1091 er
934 1059 975 1090 im
989 1059 1193 1100 Vorhergeh.
1214 1059 1234 1101 ξ
1252 1060 1288 1091 4:
1307 1061 1380 1092 sive
1396 1079 1440 1084 —-
1455 1062 1545 1099 sive;

880 1104 901 1146 ξ
917 1103 936 1135 6
953 1115 1014 1136 seu
1029 1123 1072 1128 -—
1090 1115 1150 1136 seu
1166 1104 1378 1137 unbestimmt
1391 1105 1545 1145 gelassen

877 1150 944 1190 hat,
963 1150 1174 1181 entschieden
1199 1159 1270 1189 aus,
1291 1160 1316 1181 s.
1332 1151 1363 1190 9,
1380 1150 1431 1191 18,
1445 1151 1477 1182 4.
1500 1169 1546 1174 —

875 1196 1007 1236 matris,
1025 1195 1084 1226 dei·
1097 1195 1284 1236 Pomponia.
1297 1195 1430 1238 prodiga
1444 1206 1543 1239 spec„

877 1240 929 1271 die
947 1239 1336 1281 Wundererscheinung,
1361 1241 1418 1272 das
1435 1240 1543 1273 Wun-

876 1285 1035 1326 derthier,
1049 1285 1230 1316 iiusserlieh
1245 1286 1452 1317 sichtbar.—
1467 1296 1542 1318 evo-

875 1329 982 1362 lutam
1000 1341 1030 1362 n.
1049 1341 1066 1362 e
1083 1329 1230 1362 cubiculo
1253 1331 1333 1362 oder
1349 1330 1449 1371 lecto,
1475 1331 1542 1371 vgl.

877 1374 964 1407 Gell.
984 1375 1006 1407 l.
1024 1375 1045 1407 1.
1070 1377 1103 1407 2¹71
1129 1375 1278 1407 culnculo
1294 1378 1394 1418 atque
1408 1378 1441 1407 in
1459 1375 1541 1408 lecto

875 1420 1028 1452 mulieris
1051 1422 1162 1452 visum
1184 1424 1323 1463 repente
1340 1432 1414 1452 esse
1429 1439 1474 1444 —-
1489 1423 1540 1452 in-

872 1468 1012 1507 gentem
1034 1477 1181 1507 anguem
1199 1476 1339 1507 eumque
1354 1466 1406 1497 Ιιιέ
1423 1467 1481 1508 qui
1494 1468 1541 1497 vi-

876 1511 999 1543 derant
1017 1513 1146 1543 territis
1160 1510 1310 1554 elapsum
1322 1512 1465 1543 inveniri
1476 1521 1541 1543 non

876 1558 998 1598 quisse,
1022 1556 1088 1596 vgl.
1108 1555 1162 1594 25,
1184 1556 1235 1596 16,
1255 1555 1292 1595 23
1312 1556 1404 1587 Suet.
1424 1555 1540 1588 Oetav.

921 1646 1029 1678 8—9.
1061 1646 1113 1677 his
1130 1647 1225 1684 πάγη,
1252 1645 1458 1686 Erkliirung,
1476 1646 1539 1677 wie

870 1691 951 1732 jene
975 1691 1132 1731 Meinung
1154 1690 1235 1722 habe
1259 1691 1433 1723 entstehen
1457 1691 1539 1723 kb'n—

875 1747 955 1775 nen3
982 1737 1042 1767 der
1064 1736 1176 1776 Dativ,
1203 1736 1280 1767 weil
1307 1737 1338 1767 in
1365 1736 1458 1768 elusa
1480 1737 1541 1768 der

874 1782 1001 1821 Begriff
1020 1782 1077 1812 des
1095 1781 1299 1812 Entziebens
1323 1781 1403 1821 liegt
1420 1782 1540 1822 „quasi

874 1827 1015 1857 ludendo
1030 1836 1068 1857 ac
1077 1826 1262 1857 cavillando
1272 1826 1422 1867 eripere“
1437 1825 1538 1857 Drak.

875 1870 928 1909 28,
947 1871 1000 1911 44,
1020 1871 1074 1902 17:
1088 1870 1238 1912 gloriam
1256 1872 1327 1902 eius
1345 1870 1480 1902 eludere
1495 1889 1538 1893 *—

874 1916 982 1948 velim.
996 1934 1039 1938 -
1056 1926 1115 1947 uec
1127 1915 1298 1947 abnuenda·
1313 1921 1387 1955 etc„
1406 1915 1538 1957 Epexe-

875 1971 954 2001 gese
969 1972 1009 1991 zu
1023 1960 1178 2002 quadam,
1198 1971 1223 1992 s.
1240 1960 1277 1992 Z.
1293 1960 1313 2002 ξ
1328 1960 1410 1999 425;
1426 1972 1467 1992 zu
1480 1960 1538 1992 ad-

863 2006 1034 2048 firmandi
1051 2007 1095 2037 ist
1117 2016 1176 2037 aus
1200 2006 1377 2047 quidquam
1402 2016 1442 2037 zu
1462 2006 1540 2037 neh-

871 2062 943 2083 men
958 2051 1323 2093 aliquid.—aclsz'mul.,
1338 2051 1439 2082 durch
1454 2050 1539 2082 ver-

873 2097 1021 2137 stellung
1050 2106 1303 2136 angenominen,
1328 2096 1392 2127 wie
1418 2097 1539 2127 voi-her

871 2143 1278 2181 arte—compositus.—
1290 2141 1449 2173 udmirat.
1464 2145 1538 2179 etc„

871 2187 920 2219 sie
938 2197 1050 2218 waren
1074 2187 1156 2218 iiber
1179 2187 1236 2218 das
1254 2186 1361 2225 Mass,
1385 2187 1447 2216 wie
1465 2195 1537 2216 man

873 2237 967 2264 sonst
989 2232 1209 2263 menschlicbe
1227 2231 1331 2270 Dinge
1356 2232 1538 2268 (humanae

872 2277 1008 2309 verti-itt
1034 2277 1128 2308 einen
1154 2276 1290 2316 genitiv.
1316 2275 1453 2314 obiecti)
1479 2275 1536 2306 be-

872 2323 1035 2360 wundert,
1060 2322 1361 2361 hinausgegangen,
1392 2321 1422 2351 d.
1443 2320 1472 2351 h.
1489 2320 1535 2350 sie

872 2369 986 2399 hutten
1014 2366 1172 2405 bewirkt,
1202 2367 1277 2396 dass
1306 2375 1376 2396 inan
1405 2376 1444 2395 au
1473 2365 1535 2395 ihm

873 2413 987 2445 Vieles
1018 2413 1108 2442 nicht
1130 2411 1180 2442 als
1203 2410 1422 2441 menschliclie
1446 2408 1532 2440 Vor—

870 2457 1095 2496 treffliclikeit,
1109 2456 1250 2487 sondern
1266 2455 1315 2485 als
1325 2459 1426 2486 etwas
1437 2454 1533 2486 Gb'tt-

871 2503 973 2534 liches
992 2502 1214 2541 bewunderle,
1234 2500 1298 2540 vgl.
1321 2500 1338 2540 ξ
1356 2500 1390 2538 73
1412 2499 1464 2541 25,
1478 2499 1532 2538 40,

872 2549 908 2579 4:
934 2550 1043 2578 metus
1060 2565 1104 2568 —
1120 2545 1298 2577 dediderat
1315 2555 1345 2575 u.
1361 2555 1389 2576 a.
1406 2564 1447 2567 —
1465 2546 1535 2587 qai-

872 2595 934 2625 bus
945 2594 1002 2634 sl'.
1027 2596 1089 2623 etc.
1114 2592 1192 2631 geht
1213 2588 1272 2622 auf
1292 2601 1319 2621 c.
1342 2589 1392 2631 18,
1414 2590 1454 2621 10
1478 2601 1536 2621 zu-

1579 677 1598 710 8

1576 793 1595 825 9
