1784 2967
121 241 146 259 a.
164 234 215 260 Ch.
231 236 295 261 208.
562 233 686 266 LIBER
712 235 853 269 XXVII.
904 240 995 273 CAP.
1022 242 1076 275 32.

1463 254 1513 293 81

116 325 247 365 iuncto
275 331 442 370 exercitu
469 338 671 375 transeunt
689 337 868 378 Larisum
905 353 1075 392 amnem,
1104 347 1167 397 qui
1188 349 1313 389 Elium
1340 364 1472 402 agrum
1495 368 1515 394 a

115 382 282 433 Dymaeo
305 386 460 427 dirimit.
501 390 673 430 Primum
698 394 809 441 diem,
833 408 909 446 quo
931 398 1017 437 finis
1040 401 1210 443 hostium
1231 406 1396 457 ingressi
1413 416 1514 458 sunt,
1544 411 1598 451 32

113 440 336 489 populando
365 444 679 497 absumpserunt.
721 456 880 500 postero
914 454 973 493 die
995 457 1073 495 acie
1095 458 1280 500 instructa
1309 465 1354 502 ad
1378 466 1512 505 urbem

112 504 358 538 accesserunt
377 503 601 551 praemissis
623 505 828 555 equitibus,
852 510 916 559 qui
939 511 1195 563 obequitando
1217 526 1444 570 promptum
1467 524 1511 562 ad

64 555 83 586 5
113 553 362 594 excursiones
385 568 505 606 genus
527 559 764 601 lacesserent
778 564 1015 606 Aetolorum.
1052 569 1284 619 ignorabant
1299 576 1510 628 Sulpicium
1540 587 1560 619 2

112 620 199 647 cum
222 611 440 660 quindecim
462 615 622 655 navibus
644 618 689 656 ab
711 618 909 671 Naupacto
927 623 1103 674 Cyllenen
1125 628 1322 669 traiecisse
1339 639 1374 671 et
1390 647 1508 685 expo-

109 664 192 703 sitis
220 666 258 704 in
290 673 429 707 terram
459 677 641 721 quattuor
664 674 817 715 milibus
845 685 1081 720 armatorum
1111 684 1262 724 silentio
1285 690 1431 735 noctis,
1462 703 1510 730 ne

107 722 278 772 conspici
307 736 442 773 agmen
469 735 619 777 posset,
647 730 814 771 intrasse
840 734 950 774 Elim.
988 737 1116 788 itaque
1143 740 1343 791 inprovisa
1364 758 1425 784 res
1448 747 1505 785 in·
1538 757 1557 788 3

105 783 258 826 gentem
276 779 404 820 iniecit
415 788 616 830 terrorem,
639 793 847 839 postquam
860 791 959 830 inter
972 795 1128 834 Aetolos
1141 797 1321 850 Eliosque
1334 801 1507 842 Romana

40 836 81 868 10
106 832 212 883 signa
242 840 354 886 atque
381 850 486 878 arma
519 854 745 892 cognovere.
794 851 831 884 et
857 849 983 897 primo
1011 852 1184 902 recipere
1212 867 1306 894 suos
1333 859 1504 899 voluerat
1534 870 1554 900 4

102 900 187 936 rex,
217 891 354 930 deinde
382 901 579 936 contracto
602 899 678 937 iam
701 900 800 940 inter
820 904 977 943 Aetolos
1000 912 1036 944 et
1057 907 1193 947 Trallis
1215 934 1269 939 —
1286 913 1503 964 lllyriorum

100 944 136 983 id
167 952 225 985 est
254 960 374 997 genus
396 975 451 978 —
472 956 679 993 certamine
710 969 797 996 cum
828 962 955 1010 urgeri
973 962 1118 1002 videret
1134 978 1247 1010 suos,
1275 973 1312 1006 et
1332 969 1415 1019 ipse
1436 984 1503 1010 rex

100 1013 187 1040 cum
224 1005 391 1054 equitatu
422 1007 461 1046 in
498 1010 697 1050 eohortem
727 1013 940 1054 Romanam
969 1017 1142 1059 incurrit.
1190 1022 1241 1060 ibi
1273 1036 1394 1074 equus
1422 1027 1499 1077 pilo
1531 1039 1549 1069 5

97 1057 276 1098 traiectus
299 1073 384 1100 cum
408 1065 633 1115 prolapsum
655 1081 724 1118 per
741 1076 854 1121 caput
869 1084 996 1123 regem
1015 1075 1224 1125 effudisset,
1246 1084 1353 1118 atrox
1369 1094 1496 1132 pugna

27 1117 70 1149 20
101 1114 292 1165 utrimque
318 1130 476 1158 accensa
505 1128 564 1161 est
591 1128 627 1161 et
656 1125 701 1162 ab
724 1126 908 1166 Romanis
936 1129 1085 1180 impetu
1112 1132 1150 1171 in
1177 1146 1304 1185 regem
1331 1137 1431 1176 facto
1465 1146 1502 1178 et

96 1173 387 1221 protegentibus
416 1177 542 1227 regiis.
583 1179 745 1230 insignis
774 1188 810 1221 et
836 1184 959 1234 ipsius
988 1199 1117 1237 pugna
1144 1189 1231 1237 fuit,
1262 1204 1348 1231 cum
1381 1196 1498 1244 pedes
1529 1204 1548 1235 6

94 1225 194 1264 inter
216 1230 362 1278 equites
387 1238 540 1272 coactus
563 1242 666 1274 esset
688 1239 877 1287 proelium
900 1241 1007 1280 inire.
1044 1244 1145 1291 dein,
1170 1258 1256 1285 cum
1278 1248 1351 1286 iam
1375 1250 1500 1301 impar

96 1288 289 1322 certamen
321 1293 440 1333 esset,
472 1290 727 1342 caderentque
756 1295 852 1334 circa
883 1309 970 1335 eum
1000 1300 1109 1338 multi
1135 1307 1171 1339 et
1196 1303 1498 1353 vulnerarentur,

94 1345 228 1388 raptus
265 1341 310 1379 ab
346 1344 426 1381 suis
464 1350 579 1396 atque
608 1348 714 1387 alteri
744 1363 842 1401 equo
876 1352 1038 1392 iniectus
1065 1356 1174 1406 fugit.
1215 1372 1260 1397 eo
1288 1360 1347 1398 die
1375 1369 1497 1401 castra
1530 1375 1545 1404 7

22 1395 64 1431 25
95 1395 262 1446 quinque
294 1398 408 1438 millia
430 1413 615 1450 passuum
639 1405 684 1443 ab
708 1407 802 1445 urbe
823 1408 995 1448 Eliorum
1018 1413 1161 1461 posuit.
1184 1421 1344 1465 postero
1369 1419 1428 1456 die
1450 1421 1494 1457 ad

92 1453 287 1491 castellum
310 1478 360 1482 —
382 1456 549 1507 Pyrgum
572 1467 710 1500 vocant
729 1485 782 1490 —
806 1465 938 1515 copias
961 1468 1088 1505 omnis
1112 1470 1259 1517 eduxit,
1288 1485 1363 1522 quo
1387 1487 1494 1525 agre-

90 1507 204 1546 stium
228 1510 512 1552 multitudinem
536 1528 623 1554 cum
646 1519 851 1567 pecoribus
874 1527 977 1560 metu
996 1525 1292 1574 populationum
1316 1532 1492 1581 compul-

89 1576 170 1602 sam
194 1566 375 1606 audierat.
416 1582 497 1608 eam
520 1572 755 1612 inconditam
778 1575 1041 1629 inermemque
1063 1582 1346 1623 multitudinem
1366 1588 1492 1636 primo
1523 1599 1542 1630 8

89 1620 215 1659 statim
258 1627 406 1662 terrore
442 1627 647 1668 adveniens
685 1632 804 1682 cepit,
847 1644 1237 1689 compensaveratque
1274 1654 1314 1678 ea
1352 1645 1491 1692 praeda

133 1736 201 1775 32.
241 1745 350 1777 1—3.
389 1749 625 1790 obequitando,
659 1758 753 1785 sonst

87 1788 189 1820 findet
212 1790 278 1821 sich
303 1791 360 1822 das
379 1792 430 1823 bei
449 1793 485 1824 L.
504 1795 632 1836 li'ziufige
651 1796 752 1829 &Vort

85 1833 174 1865 nicht
203 1834 303 1866 leicht
332 1837 415 1868 ohne
438 1837 555 1877 Dativ3
582 1850 621 1871 an
646 1852 677 1874 u.
702 1842 751 1874 St.

826 1765 882 1785 reu
903 1756 1012 1789 Sinne.
1029 1776 1072 1781 —
1087 1760 1256 1804 prolaps.,
1282 1774 1307 1792 s.
1328 1774 1354 1793 c.
1375 1764 1432 1802 27,
1461 1767 1489 1796 7.

824 1817 868 1822 —
890 1811 950 1843 per
968 1812 994 1833 c.
1021 1813 1050 1833 n.
1070 1815 1187 1844 sunm,
1213 1810 1303 1847 eqni:
1329 1808 1411 1839 iiber
1427 1810 1488 1840 den

824 1843 914 1886 Ropf
927 1846 1002 1887 her,
1019 1848 1085 1887 vgl.
1106 1849 1133 1887 1,
1152 1850 1206 1889 48,
1226 1851 1258 1881 3:
1281 1863 1342 1894 per
1355 1854 1490 1894 gradus

84 1877 169 1909 kann
198 1881 276 1911 urbi
295 1881 419 1913 wieder
441 1884 582 1923 gedacht
605 1887 750 1925 werden,

83 1923 165 1954 oder
185 1934 220 1955 es
244 1925 288 1956 ist
304 1927 367 1957 wie
383 1927 470 1959 viele
488 1930 610 1961 andere
629 1931 750 1964 VVorte

81 1967 212 2000 absolut
229 1970 420 2010 gebraucht.
438 1991 481 1997 —
500 1973 664 2016 Cyllenen,
684 1977 747 2008 Ha-

80 2010 227 2046 fenstadt
244 2015 285 2046 im
302 2015 439 2048 Gebiete
454 2029 516 2050 von
531 2019 614 2060 Elis,
629 2021 655 2061 j.
670 2021 749 2053 Gla·
782 2022 794 2024 ⁴

80 2063 207 2091 rentza.
236 2077 281 2084 —
305 2064 411 2103 quatt.
440 2074 502 2103 m.,
533 2074 570 2095 er
595 2066 650 2097 hat
673 2067 745 2098 also

80 2103 172 2134 scine
197 2104 321 2145 Legion
352 2108 449 2149 noch,
479 2109 647 2142 vielleicht
670 2112 744 2143 eine

79 2145 132 2178 fiir
160 2148 220 2179 den
246 2150 420 2183 Seedienst
449 2153 651 2196 bestimmte,
681 2158 744 2189 wie

79 2191 131 2233 22,
150 2193 200 2234 57,
220 2194 255 2232 73
275 2196 341 2234 vgl.
361 2206 388 2227 c.
408 2196 460 2236 30,
481 2198 510 2229 2.

124 2237 237 2269 4—5.
268 2238 399 2280 Trallis,
418 2240 470 2280 31,
490 2242 542 2283 35,
563 2244 598 2281 1;
618 2244 670 2284 37,
689 2245 742 2285 39,

82 2280 139 2322 103
159 2283 201 2314 ib.
220 2283 273 2324 40,
294 2285 330 2322 ὃς
350 2290 444 2317 sonst
461 2289 542 2318 auch
566 2288 671 2321 Tralli
684 2301 742 2330 ge-

77 2332 188 2359 nannt.
207 2347 251 2351 —
265 2340 394 2371 genus,
420 2341 447 2362 s.
467 2331 502 2371 8,
528 2332 586 2374 29,
606 2334 636 2366 4.
653 2354 696 2358 —
710 2339 744 2367 et

74 2373 164 2414 ipse,
189 2373 219 2404 in
239 2373 349 2414 Bezug
371 2374 431 2407 auf
444 2380 615 2411 contracto
632 2383 741 2412 certa-

74 2419 172 2449 mine.
190 2436 234 2441 —
251 2429 324 2461 γεω,
343 2421 491 2458 obgleich
506 2422 587 2454 eben
601 2434 742 2456 voraus-

74 2464 308 2503 gegangen,ist
321 2466 378 2496 des
389 2465 615 2506 Gegeusatzes
626 2480 739 2510 wegeu

73 2507 281 2550 wiederholt,
296 2520 322 2540 c.
335 2510 384 2549 12,
395 2511 425 2542 4.
436 2529 479 2534 —
493 2513 661 2546 eohortem
677 2516 740 2546 all—

74 2553 738 2599 gemein:eineAbtheilung,nichtgerade

74 2596 147 2628 eine
177 2597 319 2631 Cohorte
350 2601 409 2632 der
431 2602 738 2645 Bundesgenosseu,

73 2650 99 2672 s,
114 2652 141 2674 c.
162 2642 213 2683 13,
232 2644 262 2684 9,
281 2646 362 2676 oder
379 2646 451 2678 eine
469 2646 547 2680 coh.
566 2649 606 2680 im
625 2650 737 2692 spate—

141 2696 199 2723 Tit.
219 2697 279 2724 Liv.
299 2698 344 2724 Vl.
384 2698 409 2728 2.
429 2701 504 2728 Auss.

824 1888 957 1923 deiecit:
984 1892 1129 1932 dagegen
1149 1894 1209 1934 22,
1227 1895 1256 1933 3,
1281 1897 1333 1927 ll:
1357 1899 1488 1941 lapsum

822 1945 924 1976 supet·
940 1940 1041 1979 capnt
1057 1939 1197 1979 effudit,
1219 1941 1269 1978 10,
1293 1942 1341 1981 ll,
1366 1943 1396 1974 l:
1422 1946 1487 1975 eir-

822 1982 1032 2021 cumagenclo
1063 1994 1144 2024 equo
1173 1986 1308 2025 effusus
1334 1998 1365 2018 u.
1389 1998 1418 2019 a.
1443 2007 1488 2012 —

819 2025 948 2067 impetu
965 2043 1009 2048 —-
1026 2030 1147 2070 regiis,
1165 2030 1232 2069 vgl.
1252 2030 1309 2069 22,
1329 2031 1357 2072 6,
1376 2032 1411 2072 33
1431 2043 1485 2065 re-

815 2071 869 2110 git·
890 2071 953 2100 wie
978 2072 1120 2103 naehher
1136 2075 1193 2105 sni
1208 2075 1259 2106 die
1277 2075 1485 2112 Leibwache.

815 2131 860 2136 —-
876 2115 1034 2157 insignis,
1053 2117 1118 2157 vgl.
1138 2117 1191 2158 31,
1210 2118 1263 2159 24,
1286 2120 1334 2151 13.

864 2159 962 2190 7—9.
988 2161 1156 2203 Pyrgzmz,
1174 2164 1238 2194 wol
1257 2166 1344 2196 niclit
1363 2166 1485 2208 Appel—

817 2203 969 2243 lativum,
1004 2207 1146 2237 sondern
1181 2219 1264 2239 nom.
1297 2212 1481 2251 proprium3

817 2248 911 2279 einen
941 2251 1086 2281 anderen
1116 2252 1179 2283 Ort
1207 2254 1315 2285 dieses
1339 2255 1481 2288 Namens

816 2294 968 2325 erwiihnt
991 2294 1106 2338 Polyb.
1131 2297 1167 2336 5,
1194 2297 1267 2329 102.
1291 2317 1334 2322 —
1351 2302 1479 2333 ineond.

815 2343 891 2379 etc.,
910 2339 976 2379 vgl.
996 2339 1055 2379 21,
1074 2341 1133 2381 57,
1154 2341 1205 2373 11.
1231 2361 1274 2365 —
1291 2344 1479 2385 adt-eniens,

814 2393 841 2414 s.
860 2394 887 2414 c.
912 2383 958 2425 18,
975 2384 1005 2415 2.
1019 2403 1063 2407 —
1076 2393 1395 2432 compensat-eram„
1413 2392 1478 2422 und

813 2438 849 2458 so
868 2429 958 2460 hatte
977 2440 1029 2467 er3
1054 2430 1247 2463 bezeichnet
1264 2434 1324 2464 den
1345 2436 1477 2467 schnel-

810 2472 864 2503 len
888 2474 1070 2505 Abscbluss
1094 2476 1154 2507 der
1176 2476 1365 2519 Handlung;
1392 2481 1476 2512 ohne

811 2518 901 2549 diesc
943 2519 1247 2562 Nebenbedeutung
1292 2524 1349 2554 das
1395 2523 1474 2566 folg.

811 2562 970 2604 plusqprf.
997 2582 1040 2586 —
1061 2565 1226 2608 praedae,
1260 2573 1354 2600 sonst
1382 2570 1474 2601 Alles

812 2618 881 2638 was
902 2609 1054 2640 erbeutet
1076 2610 1176 2649 wir-d,
1203 2613 1283 2643 oder
1305 2615 1362 2645 das
1381 2614 1476 2647 dafiir

809 2652 939 2692 geliiste
965 2652 1065 2694 Geld,
1094 2655 1140 2687 ist
1168 2656 1239 2688 hier
1266 2669 1328 2689 von
1355 2662 1478 2704 captivi
