1784 2967
738 217 863 250 LIBER
880 216 1005 251 XXVI.
1040 216 1130 248 CAP.
1154 215 1205 248 11.
1526 234 1551 252 a.
1567 235 1595 253 u.
1611 227 1671 254 543.

275 222 357 261 224

275 323 368 362 urbs
391 323 514 362 Roma
535 321 669 360 victori
692 321 904 372 praemium
927 326 1047 365 esset,
1070 319 1191 358 imber
1212 318 1346 369 ingens
1369 320 1553 370 grandine
1574 321 1673 360 mix-

276 386 337 419 tus
367 380 416 418 ita
442 384 643 429 utramque
670 377 787 417 aciem
820 378 1001 424 turbavit,
1032 382 1073 415 ut
1094 376 1151 414 vix
1173 376 1290 414 armis
1313 377 1469 415 retentis
1491 377 1528 416 in
1551 383 1672 417 castra

276 449 362 475 sese
387 435 602 486 receperint
626 435 766 474 nullius
794 435 847 473 rei
875 435 1023 473 minore
1055 446 1168 484 quam
1192 432 1361 471 hostium
1385 439 1499 472 metu.
1541 439 1577 473 et
1597 447 1671 485 po-

276 499 377 532 stero
401 493 460 531 die
491 493 627 531 eodem
660 492 744 530 loco
772 491 870 530 acies
893 491 1098 529 instructas
1122 489 1251 528 eadem
1275 494 1484 540 tempestas
1508 491 1671 530 diremit.

275 549 339 589 ubi
366 549 604 600 recepissent
631 562 671 587 se
699 549 737 587 in
768 554 908 595 eastra,
946 547 1040 586 mira
1074 546 1259 585 serenitas
1291 559 1377 585 cum
1406 547 1673 598 tranquillitate

276 606 481 645 oriebatur.
512 606 551 644 in
568 605 790 656 religionem
814 618 854 643 ea
877 617 938 643 res
960 604 1058 655 apud
1079 603 1231 641 Poenos
1249 616 1356 642 versa
1375 609 1445 649 est,
1469 604 1673 655 auditaque

275 676 347 702 vox
364 663 584 702 Hannibalis
606 663 736 708 fertur,
759 662 968 712 potiundae
990 660 1063 698 sibi
1084 660 1189 698 urbis
1207 660 1351 698 Romae
1368 660 1485 699 modo
1503 666 1672 700 mentem

274 732 355 759 non
379 720 472 767 dari,
493 720 609 758 modo
632 720 839 757 fortunam.
882 718 1056 755 minuere
1080 716 1191 755 etiam
1218 730 1326 767 spem
1350 717 1430 756 eius
1454 717 1549 756 duae
1571 717 1674 765 aliae,

273 790 389 828 parva
406 789 630 827 magnaque,
648 787 728 814 res:
750 786 886 825 magna
904 774 975 821 illa,
999 774 1113 824 quod,
1132 786 1217 812 eum
1236 774 1318 824 ipse
1335 774 1380 812 ad
1399 775 1550 813 moenia
1566 774 1673 813 urbis

273 834 418 873 Romae
451 839 622 872 armatus
652 832 818 877 sederet,
859 831 996 869 milites
1027 830 1096 868 sub
1125 830 1264 868 vexillis
1293 831 1331 868 in
1359 831 1672 882 supplementum

273 890 480 942 Hispaniae
502 890 699 940 profectos
722 888 856 935 audiit,
882 899 995 938 parva
1019 892 1158 932 autem,
1183 887 1284 937 quod
1301 899 1375 938 per
1395 901 1462 926 eos
1485 889 1564 927 dies
1587 901 1672 927 eum

273 948 373 986 forte
395 959 546 998 agrum,
577 946 615 985 in
637 958 713 997 quo
736 945 819 996 ipse
842 949 964 984 castra
986 943 1158 989 haberet,
1189 943 1337 982 venisse
1358 944 1451 983 nihil
1475 945 1522 984 ob
1544 945 1580 983 id
1604 946 1675 984 de-

274 1004 424 1043 minuto
453 1003 576 1055 pretio
607 1003 801 1054 cognitum
832 1015 875 1040 ex
903 1001 1068 1051 quodam
1103 1000 1249 1051 captivo
1279 1007 1348 1039 est.
1390 1001 1425 1039 id
1458 1014 1547 1039 vero
1580 1002 1673 1040 adeo

274 1061 484 1112 superbum
512 1066 623 1111 atque
651 1059 850 1109 indignum
875 1059 1016 1104 visum,
1046 1057 1126 1095 eius
1150 1056 1239 1103 Soli,
1267 1057 1368 1107 quod
1387 1057 1469 1108 ipse
1491 1057 1587 1096 bello
1611 1071 1674 1096 ea-

273 1123 383 1169 ptum
405 1117 622 1168 possideret
642 1116 886 1166 haberetque,
908 1115 1106 1153 inventum
1129 1113 1274 1152 Romae
1296 1119 1522 1164 emptorem,
1544 1120 1587 1153 ut
1608 1128 1673 1153 ex-

274 1175 418 1225 templo
446 1179 581 1212 vocato
611 1184 802 1224 praecone
830 1172 1007 1210 tabernas
1030 1171 1280 1220 argentarias,
1308 1183 1403 1222 quae
1426 1171 1522 1211 circa
1544 1172 1673 1210 forum

274 1231 491 1270 Romanum
513 1239 659 1277 essent,
689 1229 842 1268 iusserit
864 1228 1001 1267 venire.
1042 1227 1100 1265 liis
1122 1232 1252 1265 motus
1275 1228 1320 1265 ad
1342 1228 1492 1267 Tutiam
1516 1229 1673 1268 fluvium

1010 1339 1154 1371 weit-her
1171 1338 1206 1370 L.
1226 1339 1296 1371 hier
1312 1339 1405 1380 folgt,
1432 1340 1503 1371 sind
1528 1341 1578 1372 die
1600 1340 1672 1372 Sci-

272 1344 429 1384 Ausgang
446 1343 664 1375 anzudeuten.
683 1361 726 1365 —-
743 1344 775 1373 in
794 1352 875 1383 qua:
894 1341 935 1379 in,

1010 1386 1126 1427 pionen
1145 1385 1268 1416 duinals
1293 1386 1373 1416 noch
1397 1386 1486 1417 nicht
1514 1391 1672 1427 unterge-

272 1390 325 1421 bei
357 1390 500 1421 welcher
524 1388 604 1420 Rom
636 1388 695 1419 der
728 1387 936 1429 Siegespreis

272 1432 937 1475 war,alssolcliergleichsaiuaut'gestellt

273 1490 361 1519 war3
381 1480 501 1511 andei-s
519 1480 608 1510 w'are
631 1480 663 1510 in
683 1489 747 1521 qua
770 1497 814 1500 —
828 1478 935 1519 suta·

274 1536 350 1558 rum
374 1528 470 1557 esset.
494 1543 537 1547 —
560 1523 684 1556 nullius
709 1535 735 1555 r.
763 1534 819 1563 m.,
852 1523 934 1554 alles

273 1571 403 1603 Andere
420 1571 522 1610 mehr,
547 1570 609 1601 wie
635 1568 682 1601 oft
704 1569 786 1600 m‘lee‘l
807 1570 932 1599 minus.

320 1617 418 1647 3—4.
455 1615 586 1654 eadem,
621 1616 672 1645 ein
705 1614 937 1651 ebensolcher3

273 1661 388 1693 eodem
405 1661 592 1700 eigentlicb.
610 1679 651 1682 —
670 1661 727 1692 vlu·
741 1670 861 1702 recep„
879 1659 939 1690 der

273 1707 469 1747 Conjunctiv
488 1707 550 1737 wie
569 1706 620 1736 bei
638 1716 723 1745 cum,
746 1708 934 1745 autequam,

273 1763 298 1784 s.
317 1753 369 1790 21,
390 1751 442 1787 42,
462 1751 498 1790 41,
523 1751 576 1790 35,
595 1750 648 1790 28,
667 1752 736 1781 211.
754 1760 794 1787 a.,
821 1750 885 1789 vgl.
906 1749 933 1789 1,

276 1798 303 1836 1,
329 1797 381 1837 32,
409 1796 458 1828 13.
489 1815 533 1819 —
560 1797 594 1827 in
621 1795 679 1828 rel.
709 1814 752 1818 -—
779 1805 877 1827 versa
895 1806 934 1833 e.,

272 1853 344 1874 man
370 1844 504 1874 deutete
529 1852 565 1873 es
593 1842 641 1872 als
669 1841 740 1872 eine
760 1840 935 1880 &Varnung

273 1889 332 1920 der
350 1887 481 1927 Gb'ttcr,
500 1887 627 1918 maclite
647 1887 713 1918 sicli
740 1886 790 1917 ein
808 1885 937 1917 Gewis-

275 1944 331 1965 sen
345 1935 476 1973 daraus,
494 1933 545 1964 die
559 1933 662 1964 sache
679 1932 793 1963 weiter
807 1941 847 1961 zu
860 1941 937 1962 ver-

272 1978 392 2019 folgen,
418 1989 443 2009 s.
470 1978 522 2020 30,
546 1977 598 2015 35,
626 1977 681 2008 10:
711 1986 876 2018 aquarum
893 1994 937 1998 —-

271 2023 469 2065 magnitudo
487 2025 519 2054 in
535 2023 729 2064 religionem
749 2032 866 2058 rersa‚·
883 2021 936 2060 4o,

273 2069 303 2109 2,
328 2070 365 2107 ὃς
391 2068 443 2107 28,
471 2068 521 2107 11,
550 2068 581 2099 1:
607 2078 681 2099 cum
707 2085 749 2089 —
766 2077 885 2098 causas
903 2068 935 2097 ίη

273 2115 352 2147 deos
377 2116 555 2146 verterent.
581 2131 623 2135 —
648 2123 715 2144 roa·
738 2116 812 2150 etta,
838 2122 863 2142 s.
883 2110 936 2149 22,

273 2160 325 2197 51,
346 2160 363 2190 3
383 2158 404 2191 f.
420 2177 465 2181 —-
481 2161 595 2199 ment„
620 2157 671 2197 35,
698 2157 749 2196 51,
776 2158 812 2188 U:
840 2166 936 2198 egre-

270 2207 329 2247 gie
342 2207 423 2249 reip.
430 2203 601 2247 gerendae
614 2205 758 2234 mentem
772 2202 939 2233 dederunt

277 2251 355 2292 (dii),
383 2251 448 2290 vgl.
474 2249 563 2281 Flor.
593 2249 617 2289 1,
644 2248 683 2279 22
712 2248 754 2286 (2,
774 2248 816 2286 (5),
837 2248 889 2278 20.

319 2297 349 2327 5.
363 2296 450 2328 duae
463 2295 516 2335 aL,
526 2292 844 2334 ausserderrehgw,
858 2292 936 2322 nach

274 2341 405 2381 Madvig
419 2345 499 2372 statt
513 2338 708 2371 etali(1e.⁵—
722 2338 765 2369 ad
777 2349 892 2377 moen„
906 2337 936 2367 in

274 2387 332 2418 der
345 2387 449 2420 N'zibe.
460 2387 557 2417 —sub
571 2395 703 2423 rt·e.ssz·1.,es
713 2384 783 2415 sind
794 2383 935 2424 Manipel

274 2443 337 2463 von
355 2432 538 2471 Rekruten,
556 2431 606 2462 die
626 2434 722 2461 unter
739 2430 827 2459 ibren
848 2428 935 2459 Fali-

277 2488 338 2508 nen
372 2477 548 2515 abzieben,
582 2476 663 2507 iiber
696 2473 852 2506 reoee'llum
885 2473 935 2504 als

277 2522 387 2553 Faline
410 2524 469 2554 der
489 2521 631 2563 Manipel
655 2530 681 2551 s.
708 2520 737 2561 S,
761 2519 791 2558 S,
810 2519 848 2557 ῖς
879 2518 936 2557 153

277 2568 343 2606 vgl.
364 2568 416 2608 25,
439 2568 486 2608 14,
505 2567 541 2605 53
562 2577 622 2597 zui·
640 2566 744 2596 Sache
764 2575 789 2596 s.
807 2575 833 2595 c.
854 2564 882 2605 S,
904 2564 936 2601 ὃς

280 2612 329 2652 10,
351 2613 379 2643 2.
399 2631 443 2636 —
459 2616 491 2644 2'11
510 2612 630 2656 suppl„
650 2621 710 2642 zur
730 2610 936 2651 Erg'anzung,

277 2657 359 2689 dazu
387 2658 561 2690 bestinunt.
608 2657 696 2689 Nach
727 2656 785 2687 der
808 2654 937 2696 Quelle,

1009 1441 1147 1471 gangen,
1166 1440 1191 1461 S.
1211 1441 1237 1460 e.
1262 1430 1311 1469 17,
1333 1430 1361 1461 1.

1054 1476 1152 1506 6-7.
1176 1486 1238 1518 per
1263 1475 1347 1506 kann
1377 1476 1570 1508 schwerlieh
1602 1477 1674 1509 hier

1009 1522 1161 1552 entbebrt
1176 1522 1319 1562 werden,
1337 1522 1402 1561 vgl.
1420 1521 1472 1561 24,
1494 1522 1544 1562 16,
1564 1522 1614 1554 15.
1629 1541 1673 1546 —

1009 1566 1088 1598 bello
1100 1577 1137 1604 c.,
1148 1567 1226 1596 nach
1237 1564 1472 1606 Hriegsrechte
1483 1568 1671 1608 erworben3

1009 1611 1207 1655 possideret,
1241 1612 1281 1642 ini
1314 1610 1493 1643 l'actiselien
1521 1613 1671 1652 Besitze3

1011 1658 1149 1689 haberet
1171 1657 1221 1687 als
1246 1657 1440 1696 Eigentbum
1472 1658 1546 1689 inne
1571 1658 1670 1697 habe3

1010 1703 1075 1734 alle
1094 1702 1163 1732 drei
1182 1702 1375 1733 Ausdriicke
1400 1703 1504 1734 sollen
1532 1714 1593 1734 nur
1610 1704 1673 1735 den

1008 1746 1133 1787 Begriff
1152 1748 1210 1778 des
1235 1747 1406 1778 Besitzens
1432 1748 1672 1787 bervorheben,

1007 1794 1070 1824 und
1092 1792 1287 1823 bezeichnen
1303 1793 1539 1824 verschiedene
1559 1793 1672 1825 Seiten

1008 1838 1198 1879 desselben,
1223 1838 1273 1868 die
1301 1837 1508 1878 Entsteliung
1533 1840 1595 1870 und
1620 1840 1671 1871 die

1009 1884 1071 1915 Art
1090 1884 1146 1914 des
1163 1883 1310 1914 Besitzes
1328 1883 1358 1914 in
1373 1883 1465 1914 einer
1479 1884 1672 1917 Gradation.

1009 1948 1052 1952 -
1071 1931 1236 1968 tabernas,
1255 1939 1280 1959 s.
1297 1939 1323 1959 c.
1339 1928 1391 1966 27,
1407 1928 1436 1959 2.
1450 1946 1494 1951 —
1508 1940 1675 1972 praecone

1009 1993 1053 1997 -
1071 1976 1190 2010 venire,
1209 1975 1239 2004 in
1265 1973 1356 2003 einer
1376 1973 1524 2013 Aue-tion,
1551 1985 1601 2005 wo
1621 1976 1672 2006 die

1011 2029 1189 2061 praecones
1207 2018 1256 2049 als
1275 2018 1542 2050 Proclainatoren
1569 2020 1673 2060 th'a'tig

1011 2074 1132 2095 waren.
1169 2064 1231 2094 Das
1250 2063 1412 2094 tho'riohte
1427 2062 1670 2097 Unterneblnen

1010 2110 1054 2141 ist
1072 2108 1231 2140 Hannibal
1250 2108 1314 2139 wol
1333 2119 1394 2139 nur
1411 2110 1632 2149 angediebtet.

1056 2154 1152 2185 5—9.
1179 2154 1240 2189 his,
1259 2154 1316 2184 das
1332 2153 1351 2195 ξ
1367 2153 1453 2184 3-6
1472 2154 1670 2194 Erw‘ahnte3

1009 2199 1029 2241 ξ
1050 2200 1065 2230 7
1092 2200 1135 2230 ist
1157 2199 1206 2229 als
1232 2198 1434 2230 Parentbese
1460 2210 1500 2230 zu
1524 2201 1671 2232 nehmen.

1010 2263 1053 2267 ——
1072 2244 1216 2285 Tutiam,
1232 2245 1312 2274 noch
1329 2244 1368 2274 im
1380 2244 1574 2276 Mittelalter
1588 2246 1671 2277 wird

1011 2291 1060 2321 ein
1081 2290 1100 2319 b
1120 2290 1252 2329 mig-lien
1278 2300 1338 2320 von
1360 2289 1437 2320 Hom
1457 2291 1486 2320 in
1506 2292 1566 2321 den
1585 2290 1669 2322 Anio

1011 2336 1210 2366 iniindender
1226 2335 1308 2365 Bacli
1324 2334 1429 2366 Tuzia
1443 2336 1602 2374 erwiilint,
1613 2336 1671 2367 der

1010 2382 1081 2412 bier
1098 2381 1240 2420 geineint
1254 2380 1322 2410 sein
1337 2381 1400 2411 und
1415 2391 1450 2411 so
1464 2381 1597 2412 rellulz't
1612 2391 1671 2412 an-

1009 2427 1126 2457 deuten
1144 2426 1240 2464 kann,
1258 2426 1333 2456 dass
1348 2425 1385 2456 H.
1401 2427 1481 2456 nach
1496 2426 1671 2458 desselben

1009 2472 1099 2502 Seite
1119 2471 1414 2511 zuriickgegangen
1434 2471 1498 2511 sei,
1522 2482 1584 2502 von
1611 2473 1670 2502 der

1009 2527 1046 2548 er
1063 2517 1253 2556 gekommen
1271 2526 1350 2554 war,
1385 2516 1468 2547 dann
1502 2521 1572 2548 erst
1600 2517 1668 2547 sich

1010 2563 1088 2593 nach
1108 2561 1240 2593 Norden
1259 2561 1427 2592 wendend.
1466 2560 1553 2592 Doch
1572 2561 1616 2592 ist
1634 2572 1668 2593 es

1010 2606 1230 2646 zweifelhal't,
1264 2607 1302 2638 da
1336 2606 1374 2638 H.
1409 2606 1552 2646 sogleicb
1589 2608 1667 2638 nach

1010 2652 1143 2685 Norden
1162 2652 1259 2694 ziela,
1278 2652 1341 2684 und
1360 2651 1419 2684 Sil.
1433 2650 1472 2684 It.
1491 2651 1540 2693 13,
1556 2651 1597 2683 85
1609 2652 1669 2684 den

1706 838 1744 870 10

1706 1121 1743 1153 15
