1784 2967
610 231 737 264 LIBER
766 231 887 263 XXX.
944 231 1038 263 CAP.
1057 232 1113 264 41.
1128 231 1184 264 42.

206 236 286 275 416
1454 241 1624 267 a.u.553.‚

201 342 334 388 retque
371 348 507 382 naveS,
545 333 683 385 quibus
719 334 870 372 consuli
897 346 993 373 usus
1020 346 1100 374 non
1127 339 1241 373 esset.
1283 339 1320 374 et
1345 335 1393 373 M.
1424 334 1538 374 Fabio
1571 335 1611 374 in

154 399 172 431 9
203 394 418 433 Sardiniam
442 393 572 430 decem
596 390 732 440 longae
753 402 872 429 naves
894 389 1079 430 decretae.
1122 396 1160 429 et
1180 391 1360 430 consules
1383 391 1477 431 duas
1493 391 1612 430 urba-

201 462 267 488 nas
298 449 468 499 legiones
496 447 664 486 scribere
685 447 801 494 iussi,
831 452 873 485 ut
891 460 976 486 x1111
997 447 1212 499 legionibus
1235 460 1280 485 eo
1303 459 1425 496 annO,
1454 452 1611 488 centum

202 506 362 544 navibus
383 504 510 554 longis
532 516 594 542 res
617 503 765 554 publica
789 503 1153 542 administraretur(

121 564 173 602 42
316 561 416 600 Tum
439 561 484 599 de
505 560 636 611 legatis
654 559 818 611 Philippi
835 565 872 598 et
887 558 1256 611 Carthaginiensium
1274 565 1414 599 actum.
1456 559 1609 610 priores
1639 570 1658 601 5

152 626 171 657 2
201 618 430 656 Macedonas
457 616 652 656 introduci
682 616 841 668 placuit3
870 629 1037 667 quorum
1066 617 1169 656 varia
1198 617 1321 655 oratio
1350 616 1440 663 fuit,
1469 617 1610 667 partim

200 674 468 725 purgantium,
505 685 601 724 quae
632 673 758 724 questi
785 678 893 712 erant
922 672 1034 712 missi
1060 673 1105 712 ad
1133 685 1264 724 regem
1286 672 1331 711 ab
1353 673 1479 713 Roma
1499 673 1612 724 legati

200 731 244 768 de
272 730 526 782 populatione
553 730 773 776 sociorum,
802 730 945 781 partim
973 730 1074 768 ultro
1106 730 1369 769 accusantium
1401 730 1557 780 quidem
1575 735 1612 769 et

151 795 171 826 3
200 787 329 826 socios
352 787 486 838 populi
503 786 682 833 Romani,
705 787 774 825 sed
797 786 918 825 multo
940 786 1117 825 infestius
1135 787 1183 825 M.
1201 786 1409 834 Aurelium,
1433 799 1549 837 quem
1566 799 1610 825 ex

198 843 320 882 tribus
350 843 396 882 ad
424 856 466 883 se
497 843 629 881 missis
657 842 789 894 legatis
818 843 958 881 dilectu
985 842 1116 882 habito
1143 842 1364 882 substitisse
1391 848 1429 882 et
1449 856 1489 881 se
1510 842 1609 882 bello
1641 851 1682 884 10

198 900 398 939 lacessisse
421 903 557 938 contra
577 899 714 938 foedus
738 904 775 938 et
792 912 906 950 saepe
930 911 1016 938 cum
1039 899 1244 951 praefectis
1266 899 1346 938 suis
1369 899 1490 950 signis
1514 911 1609 938 con-

150 966 169 997 -4
199 956 282 995 latis
300 969 508 1008 pugnasse,
525 958 674 1007 partim
691 955 986 1006 postulantium,
1004 961 1045 994 ut
1060 956 1287 995 Macedones
1305 956 1458 1006 duxque
1474 968 1610 995 eorum

200 1012 381 1064 Sopater,
404 1013 468 1064 qui
491 1012 591 1063 apud
614 1012 867 1051 Hannibalem
889 1012 1066 1051 mercede
1085 1012 1326 1058 militassent,
1348 1017 1431 1051 tum
1454 1012 1554 1063 capti
1570 1012 1610 1050 in

152 1079 170 1109 ἓ)
199 1069 330 1108 vinclis
353 1074 495 1115 essent,
518 1069 590 1108 sibi
613 1070 920 1107 restituerentur.
962 1069 1146 1108 adversus
1165 1081 1207 1107 ea
1222 1069 1270 1107 M.
1289 1068 1442 1115 Furius,
1465 1068 1610 1107 missus

199 1126 244 1165 ad
268 1126 305 1164 id
327 1126 457 1177 ipsum
480 1125 526 1164 ab
548 1125 702 1164 Aurelio
732 1138 778 1164 ex
798 1125 1041 1172 Macedonia,
1070 1126 1269 1172 disseruit,
1298 1125 1496 1164 Aurelium
1519 1125 1608 1164 reli—
1641 1133 1681 1167 15

200 1188 316 1229 ctum,
338 1195 386 1221 ne
404 1182 499 1221 socii
521 1182 655 1233 populi
672 1182 838 1221 Romani
859 1182 953 1221 fessi
975 1182 1295 1234 populationibus
1318 1182 1351 1220 vi
1374 1187 1487 1232 atque
1507 1181 1609 1220 iniu-

150 1249 169 1280 νδ
198 1238 252 1278 ria
273 1239 317 1278 ad
339 1251 469 1290 regem
487 1239 713 1287 deficerent,
735 1238 875 1277 finibus
893 1238 1090 1278 sociorum
1108 1251 1189 1278 non
1206 1238 1434 1285 excessisse,
1457 1238 1611 1277 dedisse

198 1361 300 1382 naves
323 1369 367 1373 —-
391 1354 496 1391 esset,
521 1361 556 1382 es
576 1351 648 1382 sind
666 1351 717 1382 die
735 1350 756 1392 ξ
774 1350 792 1381 6
810 1350 868 1381 be-

199 1396 458 1427 zeichneten.—
473 1395 651 1428 etM.Fab.
665 1396 748 1427 wird
764 1396 866 1427 durch

198 1443 232 1471 et
243 1450 282 1471 an
298 1441 350 1472 die
365 1441 447 1472 eben
461 1442 652 1472 erwiihnten
668 1441 867 1472 Anordnun-

198 1494 261 1525 gen
285 1486 316 1516 in
335 1485 444 1525 Bezug
461 1484 521 1517 auf
535 1486 592 1517 das
611 1486 789 1517 Seewesen
809 1496 868 1517 33-

198 1529 373 1571 gekniipft,
398 1530 552 1561 lockerer
569 1531 610 1561 im
629 1530 724 1570 Folg.
743 1533 776 1561 et
792 1540 870 1562 eon-

199 1574 302 1606 sules.
326 1593 370 1597 —
393 1586 448 1607 res
476 1586 508 1618 p.
533 1574 673 1614 aslme'n„
702 1575 766 1606 wie
796 1585 867 1606 rem

195 1619 366 1663 publicam
392 1631 528 1662 gerere,
560 1630 586 1652 s.
610 1619 664 1661 28,
687 1619 717 1658 9,
743 1620 774 1660 4,
799 1620 866 1659 vgl.

193 1665 315 1706 jedocb
334 1665 362 1706 3,
376 1665 429 1706 42,
448 1667 478 1696 1:
498 1665 599 1697 nihilo
613 1665 754 1697 militiae
767 1676 868 1707 quam

199 1710 291 1742 domi
304 1711 424 1742 melius
437 1721 493 1742 res
503 1721 537 1753 p.
546 1710 788 1742 administrata
797 1713 866 1749 θείς

198 1755 252 1795 45,
268 1755 321 1792 41,
344 1756 373 1786 1:
393 1766 491 1797 qaam
506 1755 656 1796 feliciter
673 1766 744 1787 rem
760 1767 793 1798 p.
808 1755 869 1787 ad-

198 1801 484 1840 ministrarerz'm3
500 1800 530 1841 6,
546 1800 575 1840 6,
593 1801 652 1839 11,
671 1800 725 1841 40,
740 1799 793 1840 35,
809 1801 868 1840 143

198 1845 252 1885 28,
272 1845 302 1883 9,
321 1846 350 1877 7.

244 1884 314 1922 42.
346 1889 627 1931 Verhandlungen
657 1891 698 1921 im
728 1890 867 1930 Senate3

199 1935 281 1977 App.
302 1935 373 1967 Lib.
394 1936 434 1966 57
446 1935 497 1974 ff.;
523 1934 645 1967 Zonar.
671 1935 701 1976 9,
724 1936 781 1974 153
807 1936 867 1968 Dio

200 1979 291 2011 Cass.
310 1978 372 2020 frg.
393 1981 445 2019 57,
463 1980 516 2011 85.

248 2025 356 2056 1—4.
382 2025 422 2057 de
439 2025 555 2067 legat„
579 2025 662 2057 iiber
680 2026 780 2058 deren
799 2025 868 2058 Zu-

200 2069 347 2110 lassung,
367 2070 405 2101 ob
425 2072 488 2101 und
503 2072 535 2102 in
550 2071 695 2102 welcher
710 2070 869 2112 Ordnung

201 2115 247 2145 sie
278 2116 496 2155 vorgelassen
526 2117 658 2148 werden
685 2116 801 2148 sollen.
824 2135 868 2140 —

200 2159 420 2200 Macedonas,
439 2160 476 2192 Z.
501 2160 521 2203 ξ
540 2162 593 2192 74.
610 2180 654 2184 -
669 2164 780 2201 varia,
805 2162 868 2193 wie

200 2204 221 2245 ξ
247 2205 298 2235 14.
323 2208 527 2249 —partz'm‚
559 2217 585 2237 s,
611 2206 669 2247 29,
695 2206 750 2248 26,
777 2208 808 2239 5.
826 2226 869 2229 —

199 2253 380 2291 purgant„
404 2261 429 2281 s.
456 2251 507 2291 27,
530 2251 580 2293 20,
605 2252 656 2282 12.
678 2271 719 2274 -
740 2251 869 2296 popul„

201 2304 227 2324 e.
245 2294 298 2333 26,
317 2294 347 2334 2,
366 2296 432 2335 vgl.
452 2296 504 2336 32,
525 2296 576 2336 33,
597 2295 626 2328 3.
642 2315 686 2319 —
699 2297 799 2339 ultro,
816 2297 867 2328 die

200 2338 429 2379 Angeklagten
454 2346 561 2372 treten
587 2342 635 2372 als
654 2341 779 2382 Hl'tiger
802 2340 868 2381 auf,

200 2384 265 2421 vgl.
286 2384 338 2423 21,
360 2385 386 2425 1,
407 2385 436 2417 3.
455 2405 490 2408 —
514 2390 684 2419 accusant.
704 2389 793 2419 steht
811 2398 869 2418 zu-

201 2429 315 2459 niichst
342 2434 565 2471 purgantium
586 2437 764 2474 entgegen,
794 2434 867 2474 (μα’-

202 2472 291 2512 dem,
311 2474 452 2505 welches
471 2487 541 2507 man
561 2478 618 2508 des
639 2477 867 2517 Gegensatzes

204 2527 317 2556 wcgen
334 2521 411 2550 nach
427 2523 535 2552 socios
549 2527 716 2563 erwartet,
730 2524 785 2554 hat
799 2523 866 2554 sich

204 2571 241 2591 33
261 2563 412 2593 dasselbe
431 2568 699 2607 angescblossen,
719 2569 757 2599 da
779 2578 813 2599 es
828 2579 868 2599 zu

205 2606 273 2636 dem
310 2617 435 2645 ganzvn
467 2610 739 2653 &Vortcomplexe
773 2623 871 2645 aceu-

204 2653 350 2681 Δςαηίἱιιηι
365 2655 396 2682 et
408 2656 515 2685 socios
529 2657 658 2696 gehiirt,
677 2658 740 2689 und
756 2659 867 2689 diesen

940 1351 1012 1383 dem
1046 1351 1142 1391 Folg.
1175 1355 1338 1391 entgegen
1373 1350 1485 1382 stellt:
1520 1360 1611 1381 zwar

939 1397 1021 1428 auch
1037 1415 1078 1419 -
1093 1396 1183 1436 aber,
1201 1396 1268 1437 vgl.
1284 1395 1337 1435 33,
1352 1394 1406 1436 32,
1423 1396 1458 1426 1:
1476 1405 1611 1438 semper

939 1441 1073 1483 quidem
1102 1444 1136 1473 et
1161 1441 1249 1473 alias
1268 1442 1441 1483 frequens
1469 1458 1513 1463 —-
1537 1443 1612 1472 tum

941 1497 1039 1524 vet-03
1065 1485 1157 1517 Curt.
1183 1486 1215 1527 9,
1244 1486 1303 1527 13,
1329 1485 1383 1517 20.
1418 1485 1506 1516 Doch
1531 1496 1610 1517 ver*

941 1532 1054 1562 bindet
1072 1532 1138 1562 sich
1156 1531 1286 1572 quidem
1306 1531 1389 1562 dann
1403 1530 1610 1570 gewo'hnlich

941 1576 1000 1607 mit
1029 1576 1133 1607 einem
1159 1575 1361 1616 Pronomeu,
1391 1575 1457 1606 Cic.
1488 1575 1550 1606 Off.
1578 1574 1609 1616 3,

941 1620 994 1663 33,
1016 1620 1094 1652 121:
1114 1632 1188 1652 esse
1207 1624 1237 1652 te
1254 1620 1389 1662 quidem
1405 1620 1489 1652 mila·
1504 1623 1610 1652 caris—

941 1668 1081 1705 simum,
1111 1665 1172 1697 sed
1195 1666 1401 1707 multofore
1424 1666 1608 1703 cariorem,

942 1711 1052 1752 Quint.
1072 1711 1101 1749 5,
1123 1710 1174 1749 12,
1196 1711 1251 1742 17:
1270 1711 1367 1743 sedes
1383 1719 1449 1742 non
1467 1721 1521 1742 me
1537 1712 1610 1753 qui-

943 1756 1018 1788 dem
1048 1767 1162 1788 omues
1187 1775 1229 1779 —
1257 1756 1375 1800 plures
1408 1758 1530 1787 tamen.
1577 1754 1610 1787 In

943 1801 1114 1833 'aihnlieher
1135 1801 1255 1833 Weise
1281 1802 1364 1833 wird
1392 1812 1520 1843 quoque
1541 1811 1611 1832 um-

942 1847 1089 1888 gestent,
1107 1857 1133 1878 s,
1149 1846 1202 1886 25,
1223 1846 1274 1887 16,
1295 1846 1346 1878 11.
1361 1864 1405 1869 --
1419 1857 1464 1878 eoe
1476 1846 1612 1888 legatis,

942 1902 1037 1923 wenn
1052 1902 1089 1923 er
1101 1892 1152 1923 als
1168 1890 1355 1927 Gesandter
1367 1892 1477 1923 dieses
1491 1892 1611 1932 gethan

943 1938 1045 1975 hatte,
1064 1947 1135 1969 war
1153 1948 1190 1968 er
1206 1937 1339 1979 doppelt
1357 1937 1517 1976 schuldig,
1536 1947 1562 1968 s.
1581 1938 1611 1976 5,

944 1982 1002 2023 36,
1027 1984 1057 2013 9.
1075 2001 1111 2005 -
1136 1985 1228 2022 suis,
1251 1983 1329 2014 weil
1355 1983 1401 2013 sie
1427 1983 1468 2013 im
1488 1982 1612 2014 Namen
1644 2005 1646 2007 >

942 2028 1000 2059 des
1018 2026 1141 2067 Ho'nigs
1166 2028 1338 2069 sprechen.
1373 2030 1478 2069 capti,
1502 2027 1612 2059 dieses

942 2073 986 2104 ist
1003 2073 1126 2104 vorher
1143 2073 1233 2104 nicht
1250 2072 1429 2104 besonders
1448 2072 1611 2104 erwiihnt.

942 2118 1002 2149 Die
1027 2117 1222 2157 Forderung
1254 2118 1298 2149 ist
1322 2117 1388 2148 wol
1412 2115 1531 2148 darauf
1552 2127 1613 2157 ge-

941 2162 1095 2203 griindet,
1110 2163 1186 2193 dass
1200 2163 1248 2193 sie
1263 2162 1313 2194 als
1328 2162 1468 2193 So'ldner
1479 2162 1614 2202 gedient

943 2208 1058 2248 haben,
1076 2218 1116 2238 an
1135 2208 1204 2239 sich
1223 2208 1312 2239 nicht
1329 2208 1488 2239 motivirt.

987 2252 1096 2284 5—6.
1124 2253 1169 2284 ad
1183 2253 1220 2284 id
1236 2257 1310 2293 etc„
1329 2263 1381 2284 um
1399 2253 1456 2284 das
1472 2250 1614 2285 Verfah-

942 2308 999 2329 ren
1034 2309 1075 2329 zu
1104 2298 1347 2337 vertheidigen.
1376 2316 1420 2320 —
1449 2298 1612 2339 relictum,

941 2354 1005 2374 von
1023 2344 1085 2374 den
1106 2343 1242 2384 iibrigen
1263 2343 1465 2381 Gesandten,
1485 2343 1525 2374 im
1545 2342 1611 2374 Ge-

940 2393 1099 2428 gensatze
1130 2400 1171 2420 zu
1203 2390 1399 2421 substitisse
1421 2406 1464 2411 —
1482 2389 1517 2420 τί
1544 2390 1612 2430 atq.

940 2435 998 2464 im'.
1026 2434 1133 2465 bilden
1156 2444 1342 2465 zusammen
1361 2434 1412 2464 ein
1433 2432 1530 2464 Glied
1547 2433 1612 2464 und

942 2479 1110 2510 euthalten
1130 2480 1187 2511 das
1201 2479 1407 2519 Allgemeine
1422 2478 1524 2509 neben
1541 2479 1612 2510 dem

940 2524 1151 2556 Besonderen
1175 2524 1343 2567 populat,
1373 2524 1507 2554 werden
1532 2523 1613 2554 aber

943 2574 1036 2600 sonst
1054 2570 1259 2608 gewb'hnlich
1279 2569 1379 2600 allein
1397 2569 1564 2608 erwa'hnt‚
1584 2577 1611 2598 s.

943 2613 1000 2651 27,
1028 2614 1171 2655 17,13;
1204 2614 1262 2654 26,
1281 2614 1341 2652 25,
1363 2613 1420 2644 14:
1451 2613 1612 2645 adversus

942 2661 1007 2690 vim
1025 2662 1125 2701 atque
1139 2661 1321 2698 iniurianu
1348 2658 1398 2698 10,
1420 2658 1472 2699 11,
1494 2658 1550 2698 133
1578 2658 1610 2697 9,
