1784 2967
226 219 306 259 100

692 215 818 248 LIBER
837 215 961 251 XXIV.
997 215 1087 249 CAP.
1106 216 1160 249 47.

1480 233 1506 253 a,
1523 234 1548 251 11.
1564 226 1626 254 541.

156 331 195 363 10
223 320 269 360 ad
287 319 538 359 Hannibalem
556 318 746 371 Salapiam
764 325 961 359 venerunt.
994 321 1087 372 Arpi
1104 320 1187 359 sine
1205 319 1307 359 clade
1324 320 1434 359 ullius
1452 325 1626 371 praeter-

224 390 336 430 quam
360 377 475 417 unius
499 376 632 415 veteris
652 376 874 428 proditoris,
897 377 986 416 novi
1009 378 1201 428 perfugae,
1223 377 1389 416 restituti
1411 376 1456 415 ad
1480 376 1623 415 Roma-

158 447 189 478 11
223 447 307 474 nos.
340 433 521 485 Hispanis
539 433 703 484 duplicia
718 433 855 473 cibaria
873 434 952 473 dari
969 434 1091 481 iussa3
1110 445 1302 485 operaque
1319 445 1454 473 eorum
1477 433 1566 472 forti
1584 447 1625 472 ac

225 491 320 530 lideli
343 503 526 542 persaepe
547 502 607 529 res
629 490 778 541 publiea
800 502 868 529 usa
891 496 961 529 est.

343 548 436 586 Cum
467 547 602 587 consul
623 547 716 586 alter
736 547 774 586 in
796 547 947 598 Apulia,
975 547 1068 586 alter
1087 547 1125 586 in
1146 546 1309 586 Lucanis
1330 552 1451 593 esset,
1480 546 1624 597 equites
1655 558 1672 588 5

223 617 297 643 ‹2x11
334 604 484 644 nobiles
513 603 697 655 Campani
734 616 802 655 per
829 604 995 655 speciem
1026 603 1236 655 praedandi
1266 616 1310 642 ex
1336 603 1505 642 hostium
1534 615 1624 653 agro

222 661 418 712 permissu
454 661 746 712 magistratuum
783 660 829 699 ab
859 661 987 712 Capua
1023 660 1185 712 profecti
1213 661 1259 699 ad
1290 665 1411 699 castra
1439 659 1626 703 Romana,

223 730 320 768 quae
336 730 454 769 super
471 717 694 757 Suessulam
712 722 832 763 erant,
851 723 1045 764 venerunt,
1064 717 1219 756 stationi
1235 717 1398 758 militum
1416 717 1478 767 qui
1497 722 1627 754 essent

155 785 193 816 13
228 774 422 814 dixerunt:
454 774 636 825 conloqui
665 787 752 812 sese
774 786 859 813 cum
882 779 1059 824 praetore
1080 774 1181 812 velle.
1223 771 1294 812 Cn?
1312 773 1466 813 Fulvius
1489 773 1624 812 eastris

222 836 413 883 praeerat,
445 831 503 870 cui
527 831 591 869 uhi
613 831 830 870 nuntiatum
852 836 927 879 est,
951 831 1083 869 decem
1106 843 1149 869 ex
1172 843 1216 868 eo
1239 842 1401 869 numero
1425 829 1541 869 iussis
1563 829 1623 868 in-
1657 839 1694 870 10

221 888 392 927 ermibus
415 888 551 926 deduci
573 887 617 926 ad
637 900 690 932 se,
712 887 777 925 uhi
793 899 888 937 quae
903 887 1143 938 postularent
1159 887 1301 926 audivit
1316 910 1370 914 —
1387 886 1480 925 nihil
1496 892 1621 925 autem

221 945 320 984 aliud
349 944 544 996 petebant,
575 956 688 995 quam
716 948 758 982 ut
779 943 907 994 Capua
934 948 1087 994 recepta
1114 943 1214 982 bona
1241 943 1311 982 sibi
1332 943 1624 982 restituerentur

222 1025 293 1048 -ἡ,
321 1001 360 1040 in
389 1001 506 1040 fidem
536 1012 671 1039 omnes
701 1000 856 1051 accepti.
904 1006 941 1039 et
969 1000 1014 1040 ab
1043 1000 1161 1039 altero
1190 1005 1366 1051 praetore
1389 999 1621 1051 Sempronio

223 1058 413 1097 Tuditano
454 1057 640 1109 oppidum
673 1057 849 1096 Atrinum
885 1063 1154 1108 expugnatum.
1205 1056 1368 1108 amplius
1401 1068 1461 1094 mr)
1493 1056 1621 1095 homi-

154 1124 190 1154 15
220 1127 315 1154 num
333 1120 454 1165 capta,
473 1119 509 1153 et
525 1114 620 1153 aeris
638 1114 859 1165 argentique
876 1113 1013 1164 signati
1029 1113 1276 1164 aliquantum.
1308 1113 1454 1152 Romae
1464 1113 1620 1152 foedum

220 1171 443 1211 incendium
472 1183 541 1222 per
569 1171 663 1210 duas
692 1176 824 1209 noctes
854 1183 897 1209 ac
919 1170 1018 1209 diein
1040 1183 1159 1209 unum
1181 1170 1322 1209 tenuit:
1355 1170 1440 1209 solo
1464 1166 1623 1221 aequata

221 1228 349 1267 omnia
385 1227 484 1267 inter
511 1227 657 1267 Salinas
690 1239 733 1266 ac
762 1232 915 1278 portam
945 1226 1220 1265 Carmentalem
1250 1239 1335 1265 cum
1364 1227 1622 1277 Aequimaelio

154 1295 190 1326 16
220 1285 444 1336 Iugarioque
480 1284 563 1324 vieo
594 1284 683 1323 inde
714 1283 866 1335 templis
897 1284 1089 1323 Fortunae
1120 1296 1163 1322 ac
1192 1283 1327 1322 matris
1358 1283 1532 1322 Matutae.
1587 1288 1622 1322 et

219 1397 245 1419 s.
271 1398 298 1418 c.
327 1386 355 1426 1,
374 1385 404 1417 ὓ.
434 1404 475 1408 -—
505 1387 576 1417 sine
593 1386 662 1427 fr„
686 1395 712 1417 s.
734 1385 761 1425 1,
781 1384 834 1425 24,
852 1385 882 1425 5,

219 1432 284 1472 vgl.
305 1431 356 1470 26,
377 1430 428 1471 12,
447 1432 477 1462 5.
493 1449 538 1454 —
554 1430 666 1470 ullius,
686 1441 712 1462 s.
731 1430 761 1469 9,
780 1430 810 1469 2,
832 1430 882 1461 10.

217 1495 262 1499 -
278 1478 430 1509 restituti
453 1476 512 1517 ad,
538 1486 564 1507 S.
590 1476 620 1516 2,
642 1475 692 1518 13,
710 1475 740 1507 6.
759 1493 803 1498 —
819 1475 884 1507 du-

216 1522 324 1565 plicia,
343 1532 370 1554 s.
389 1532 430 1553 zu
453 1521 484 1562 2,
504 1521 556 1562 59,
580 1521 639 1561 11;
668 1521 698 1561 7,
717 1520 770 1562 37,
789 1520 820 1552 2.
840 1539 884 1543 —

208 1569 306 1609 sorti
322 1578 352 1599 α.
367 1568 410 1608 [2,
430 1566 482 1608 21,
499 1566 552 1608 44,
569 1566 600 1598 2.

268 1658 317 1689 12.
347 1658 432 1690 alter
448 1659 481 1689 ιή
499 1658 554 1697 Α.,
574 1655 752 1688 Gracchus.
765 1674 810 1678 —
822 1665 884 1688 710-

219 1703 309 1743 bHes,
340 1703 570 1742 Bezeichnung
587 1702 645 1733 der
664 1702 882 1743 cainpanisch.

219 1748 458 1790 Aristokratie,
483 1748 587 1779 indem
612 1747 674 1778 wie
695 1747 723 1778 in
744 1746 822 1778 Rom
842 1757 882 1777 zu

219 1793 284 1825 L.³s
302 1794 379 1825 Zeit
402 1793 485 1825 zwei
508 1792 645 1824 Classen
669 1803 732 1823 von
751 1791 881 1823 Rittern

217 1849 451 1880 ungenommen
486 1839 637 1878 werden,
672 1838 722 1869 die
754 1837 881 1869 nobiles

218 1885 436 1926 entsprechen
455 1885 514 1915 den
530 1883 692 1922 illustres,
711 1893 736 1914 s.
757 1882 808 1922 30,
830 1881 880 1922 18,

221 1931 270 1969 15,
290 1930 370 1961 oder
387 1931 458 1961 dem
473 1929 553 1961 orcle
568 1931 728 1971 equester,
746 1939 772 1960 s.
787 1939 813 1959 c.
831 1927 879 1970 18,

218 1975 255 2013 73
282 1975 408 2006 Becker
432 1974 461 2012 2,
489 1974 516 2013 1,
536 1972 630 2005 2sssf.
652 1992 695 1996 —
720 1984 765 2005 ex
780 1974 879 2012 host„

218 2030 244 2051 s,
273 2020 395 2051 Justin.
426 2019 479 2057 23,
507 2020 538 2050 1:
577 2030 621 2050 ea·
648 2020 743 2060 agris
769 2019 881 2059 finili-

215 2075 349 2097 morum
364 2064 549 2108 praeclare;
573 2063 652 2095 Sall.
671 2074 697 2094 s.
716 2063 768 2101 SS,
784 2062 817 2093 3:
837 2074 881 2095 ex

215 2112 314 2142 sociis
341 2111 470 2142 nostris
496 2108 641 2153 praedas
669 2109 813 2150 agentis.
838 2127 879 2130 —

215 2157 363 2197 magist„
388 2165 414 2187 s.
434 2154 487 2195 23,
509 2154 559 2195 10,
579 2154 616 2193 53
642 2153 696 2194 26,
719 2152 767 2191 13,
789 2153 816 2184 1.
837 2171 879 2176 ——

214 2201 377 2244 profect,
403 2211 428 2232 s.
453 2210 480 2232 c.
505 2199 558 2230 41.
577 2199 606 2230 9.
626 2217 669 2221 —
686 2201 782 2237 stat„
807 2198 878 2229 dem

216 2247 339 2278 Posten
358 2256 419 2277 vor
436 2246 508 2277 dem
526 2243 644 2285 Lager.
662 2262 705 2266 --
721 2245 876 2275 inm-mih.

215 2291 264 2322 als
279 2290 377 2322 Theil
393 2291 451 2322 des
466 2290 656 2321 Priidicates
673 2289 703 2320 in
719 2289 877 2329 gleichem

217 2337 336 2377 (Iasus,
361 2346 386 2367 s.
414 2335 466 2374 29,
485 2336 515 2375 9,
534 2334 569 2366 S:
598 2335 706 2366 tribus
723 2335 876 2366 sontibus

215 2381 389 2419 iudicatis,
419 2380 484 2421 vgl.
515 2379 568 2419 43,
602 2380 651 2418 18,
684 2379 738 2410 11:
780 2381 875 2411 (πῖνε

215 2428 300 2458 enim
319 2437 382 2458 sua
399 2436 513 2458 seeum.
530 2425 751 2466 qfferentffius
770 2426 873 2455 iussis

215 2482 312 2503 arma
334 2471 474 2512 ademit,
498 2471 564 2510 vgl.
591 2481 617 2502 c.
637 2470 665 2508 8,
690 2469 745 2507 18;
772 2470 802 2508 0,
824 2469 874 2508 16,

220 2517 276 2555 18,
296 2516 333 2548 Ζ.
351 2515 370 2558 ξ
389 2516 453 2547 391
479 2516 514 2547 Α.
534 2516 564 2547 2.
586 2533 630 2537 —
654 2517 787 2557 recepta
807 2525 835 2544 n.
855 2525 876 2545 a

219 2561 386 2593 Ιίοηιαηίε.
420 2580 463 2584 -—-
496 2562 656 2592 Atrinum
701 2560 743 2591 ist.
783 2564 873 2590 sonst

217 2607 301 2637 nicht
321 2607 472 2639 bekannt.
493 2617 528 2637 es
545 2606 666 2636 iniis-sle
684 2606 761 2635 nac-li
777 2616 803 2636 ο.
821 2605 874 2642 11,

215 2652 232 2681 3
253 2652 281 2681 in
302 2652 429 2682 Gallia-n
450 2652 584 2691 ‹gvlvgvn
605 2650 719 2681 lialwn.

1003 1384 1087 1416 15—
1103 1384 1154 1416 16.
1188 1384 1328 1426 Romae,
1354 1394 1392 1415 an
1411 1384 1462 1415 die
1480 1383 1619 1423 Hriegs-

956 1430 1139 1470 ereignisse
1163 1430 1194 1461 in
1220 1429 1345 1469 italien,
1376 1429 1426 1461 die
1450 1429 1621 1460 vielleicht

956 1485 1070 1516 wegen
1088 1475 1145 1507 des
1170 1486 1197 1506 c..
1222 1474 1274 1517 36,
1293 1475 1313 1505 4
1331 1475 1523 1506 erw‘ahnten
1543 1474 1618 1507 Um-

957 1521 1108 1563 standes,
1141 1521 1208 1560 vgl.
1242 1531 1270 1551 c.
1289 1520 1339 1561 39,
1359 1519 1398 1551 13
1431 1520 1462 1551 in
1496 1520 1619 1551 diesem

957 1566 1056 1597 Jahre
1075 1576 1111 1597 so
1126 1565 1354 1597 unbedeutend
1368 1565 1451 1604 sind,
1469 1565 1551 1596 wird
1566 1576 1620 1596 so-

957 1611 1061 1651 gleich
1077 1609 1289 1653 angekniipft,
1303 1620 1372 1642 was
1387 1610 1416 1642 iu
1426 1610 1505 1642 Rom
1513 1610 1618 1642 selbst

955 1657 1139 1697 geschehen
1159 1656 1211 1688 ist.
1229 1674 1271 1678 —-
1291 1658 1406 1696 lenuit,
1425 1656 1505 1687 liielt
1518 1666 1569 1693 an,
1590 1666 1616 1687 S.

955 1701 1009 1743 25,
1037 1701 1087 1741 15,
1114 1701 1172 1740 16;
1200 1701 1241 1733 ib.
1268 1700 1321 1742 39,
1346 1700 1394 1732 10.
1412 1699 1617 1743 -δαὶίηαε,

955 1757 995 1778 an
1021 1747 1092 1778 dem
1118 1746 1321 1786 Aventinus,
1354 1746 1404 1778 bei
1439 1747 1498 1778 der
1522 1751 1616 1788 porta

956 1791 1155 1832 Trigemina,
1181 1792 1309 1823 Becker
1330 1791 1357 1832 1,
1379 1790 1458 1830 1423
1480 1791 1555 1822 464.
1575 1810 1616 1813 -—

954 1840 1019 1880 atq.
1037 1848 1071 1881 p.
1092 1836 1213 1878 Carnu,
1231 1838 1302 1869 also
1322 1837 1380 1868 der
1397 1846 1500 1877 ganze
1515 1836 1617 1868 Rauni

953 1883 1118 1914 zwischen
1144 1883 1215 1914 dem
1233 1882 1418 1914 Aventinus
1441 1882 1503 1913 und
1523 1881 1618 1924 Capi-

952 1928 1091 1969 tolinus,
1116 1928 1183 1968 vgl.
1207 1927 1237 1968 2,
1262 1927 1315 1968 49,
1341 1926 1378 1966 83
1405 1928 1434 1965 5,
1453 1927 1505 1969 47,
1525 1927 1555 1958 2.
1573 1946 1615 1950 ——

952 1973 1170 2016 Aequimael„
1189 1973 1219 2013 4,
1237 1972 1285 2013 16,
1303 1972 1331 2004 1.
1348 1990 1392 1994 —
1410 1972 1525 2014 lug-ar.
1544 1975 1615 2008 rie.7

953 2024 1051 2050 unter
1065 2019 1136 2049 dem
1152 2018 1302 2059 Capitole
1317 2018 1396 2049 nach
1412 2018 1482 2048 dein
1493 2016 1614 2048 Forum

954 2073 1005 2102 zu,
1023 2064 1123 2094 durch
1143 2063 1194 2094 die
1212 2073 1290 2094 area
1308 2062 1442 2094 Saturni
1462 2073 1523 2093 von
1543 2063 1614 2093 dem

953 2108 1210 2150 Aequimaelium
1242 2112 1409 2148 getrennt.
1449 2125 1493 2130 —
1525 2107 1612 2146 inde,

953 2154 1019 2193 vgl.
1049 2154 1079 2193 5,
1104 2153 1156 2194 37,
1175 2152 1211 2184 ὅτ
1242 2155 1382 2185 nuntius
1403 2152 1614 2185 Clusinorum

952 2198 1108 2242 deincep-s·
1130 2198 1208 2230 inde
1230 2198 1372 2231 aliorum
1399 2198 1612 2242 populorum,

952 2245 981 2284 (5,
1001 2244 1052 2285 40,
1073 2244 1098 2274 1.
1136 2242 1268 2284 MadvIg
1296 2244 1484 2276 vermutliet
1509 2246 1551 2276 et,
1570 2262 1614 2266 —

950 2288 1123 2321 Fortunae
1138 2306 1183 2311 —-
1200 2288 1295 2329 Mat„
1321 2289 1368 2321 sie
1387 2289 1481 2330 lagen
1500 2289 1612 2320 einan-

951 2334 1010 2365 der
1027 2334 1225 2374 gegeniiber,
1245 2334 1345 2375 jener
1360 2344 1410 2366 am
1430 2334 1534 2366 sorum
1553 2334 1612 2365 bo-

947 2380 1062 2418 arium,
1099 2380 1178 2410 nach
1210 2380 1280 2411 dem
1304 2379 1466 2420 Aventia,
1502 2380 1613 2411 dieser

948 2425 1027 2456 nach
1043 2424 1101 2456 der
1115 2429 1207 2467 porta
1218 2424 1435 2457 Carmentalis
1451 2436 1501 2466 zu,
1521 2435 1546 2456 s.
1557 2424 1610 2464 33,

948 2469 1007 2500 27:
1033 2470 1191 2511 fornices
1218 2472 1251 2502 in
1275 2471 1357 2512 foro
1387 2472 1500 2503 boario
1533 2473 1610 2501 ante

948 2514 1121 2546 Fortunae
1136 2515 1250 2547 aedem
1269 2519 1302 2547 et
1318 2515 1440 2548 Matris
1457 2515 1610 2548 Matutae

947 2561 1096 2601 ——feeil,
1116 2560 1240 2592 Becker
1260 2561 1286 2602 1,
1302 2561 1382 2599 4753
1401 2560 1476 2592 453.
1502 2560 1610 2592 Ueber

948 2605 1056 2636 Mater
1080 2604 1159 2638 Mai.
1193 2617 1217 2637 s,
1241 2607 1271 2645 5,
1300 2606 1349 2646 19,
1368 2605 1398 2637 6.
1416 2624 1459 2628 -
1477 2609 1510 2637 et
1528 2608 1608 2648 emh,

950 2661 974 2681 s.
994 2650 1046 2682 25),
1068 2651 1097 2681 ἶ.
1117 2652 1147 2681 ὓ.

1653 1122 1691 1153 15
