1784 2967
703 275 829 308 LIBER
847 275 956 308 XXV.
992 275 1084 308 CAP.
1106 275 1158 308 21.
1179 276 1231 308 22.
1523 293 1548 311 a.
1566 294 1592 312 u.
1609 288 1668 312 542.

275 278 352 316 15ss

270 379 391 417 ferme
414 378 564 417 milibus
586 378 769 430 equitum,
798 391 870 430 qua
892 379 1019 429 fugam
1044 378 1306 417 inclinaturam
1330 379 1519 425 credebat,
1542 379 1671 418 omnia

270 436 406 474 itinera
433 435 600 474 insidere
621 435 735 474 iubet.
776 435 836 474 his
858 440 972 474 noete
994 435 1225 486 praeparatis
1247 435 1370 486 prima
1390 437 1472 475 luce
1495 436 1532 474 in
1553 436 1670 475 aciem

224 506 241 535 5
272 492 403 543 copias
431 492 569 531 educit.
609 504 680 531 nec
701 492 855 531 Fulvius
884 497 943 530 est
969 496 1186 538 cunctatus,
1215 504 1296 531 non
1320 498 1398 531 tam
1420 506 1488 532 sua
1509 493 1581 532 ulla
1603 506 1672 544 spe

271 561 384 599 quam
407 549 571 588 militum
594 550 737 600 impetu
759 548 917 587 fortuito
947 553 1103 587 tractus.
1140 549 1265 599 itaque
1293 549 1422 588 eadem
1444 550 1670 595 temeritate,

271 618 344 656 qua
372 618 601 656 processum
631 606 669 644 in
701 606 818 644 aciem
850 610 925 649 est,
957 605 1160 644 instruitur
1186 606 1267 656 ipsa
1288 606 1387 644 acies
1410 606 1454 644 ad
1476 606 1671 645 libidinem
1701 619 1720 649 5

271 662 432 700 militum
448 663 546 701 forte
569 663 876 714 procurrentium
900 661 1269 714 consistentiumque
1290 676 1366 714 quo
1389 663 1473 701 loco
1497 663 1672 713 ipsorum

275 719 422 758 tulisset
443 720 607 763 animus,
630 719 767 758 deinde
790 731 856 769 per
876 718 1069 756 libidinem
1092 724 1156 757 aut
1176 724 1322 758 metum
1340 720 1596 758 deserentium
1613 720 1672 759 lo-

222 788 240 816 13
272 788 371 814 cum.
414 776 537 827 prima
559 776 654 826 legio
678 782 713 814 et
736 776 891 814 sinistra
914 775 970 814 ala
989 775 1025 813 in
1049 775 1173 826 primo
1197 776 1416 823 instructae,
1440 782 1476 815 et
1492 776 1530 815 in
1546 776 1672 828 longi-

223 844 240 873 7
273 833 441 871 tudinem
465 838 641 884 porrecta
663 832 774 871 acies.
818 832 1069 870 clamantibus
1091 833 1254 872 tribunis
1276 834 1370 872 nihil
1391 834 1584 872 introrsus
1606 846 1671 872 ro-

271 889 375 928 boris
397 902 440 928 ae
461 890 596 928 virium
614 901 713 936 esse,
735 894 772 927 et
788 901 1031 941 quacumque
1049 889 1233 940 impetum
1251 890 1405 929 fecisset
1422 890 1558 935 hostis,
1580 902 1670 941 per-
1704 897 1743 928 lo

272 951 456 997 rupturos
485 946 579 984 nihil
601 946 704 997 quod
727 946 890 984 salutare
911 951 1014 984 esset
1034 958 1113 984 non
1136 947 1254 986 modo
1276 947 1321 986 ad
1343 948 1514 986 animum
1538 947 1604 986 sed
1626 960 1674 986 ne

223 1013 240 1041 5
271 1003 314 1041 ad
346 1015 456 1041 aures
485 1003 639 1054 quidem
668 1002 901 1041 admittebat.
943 1008 980 1041 et
1006 1003 1197 1042 Hannibal
1223 1004 1515 1055 haudquaquam
1538 1004 1673 1043 similis

272 1060 348 1098 dux
382 1072 505 1111 neque
537 1060 651 1098 simili
681 1060 845 1098 exercitu
873 1071 997 1110 neque
1024 1060 1074 1098 ita
1103 1060 1291 1099 instructo
1321 1061 1461 1100 aderat.
1509 1073 1598 1112 ergo
1625 1073 1674 1099 ne

273 1117 479 1155 clamorem
503 1117 655 1168 quidem
678 1121 790 1167 atque
811 1117 997 1167 impetum
1024 1117 1191 1167 primum
1214 1130 1349 1157 eorum
1366 1118 1532 1157 Romani
1553 1117 1673 1156 susti-

221 1186 240 1216 ς)
269 1185 398 1213 nuere.
439 1173 526 1219 dux,
550 1173 706 1212 stultitia
730 1179 765 1212 et
782 1173 991 1212 temeritate
1008 1173 1190 1213 Centenio
1213 1187 1294 1226 par,
1318 1174 1445 1213 animo
1471 1175 1671 1226 haudqua-
1705 1186 1743 1217 15

269 1242 383 1281 quam
406 1230 703 1281 comparandus,
726 1230 790 1269 ubi
813 1243 893 1268 rem
916 1230 1132 1269 inclinatam
1151 1244 1192 1269 ac
1208 1231 1433 1282 trepidantis
1452 1244 1544 1270 suos
1561 1232 1672 1278 videt,

202 1302 240 1333 10
270 1300 368 1338 equo
387 1292 541 1338 arrepto
561 1300 649 1326 eum
667 1287 840 1326 ducentis
858 1287 976 1325 ferme
994 1287 1187 1338 equitibus
1205 1288 1353 1339 effugit3
1371 1294 1496 1327 cetera
1513 1288 1673 1327 afronte

271 1344 382 1395 pulsa
404 1343 490 1383 inde
513 1357 535 1382 α
556 1350 664 1395 tergo
687 1349 798 1395 atque
819 1344 886 1382 alis
910 1344 1166 1383 circumventa
1187 1345 1285 1384 acies
1306 1358 1350 1384 eo
1374 1357 1495 1396 usque
1513 1350 1571 1384 est
1588 1358 1672 1384 cae-

270 1414 329 1447 sa,
353 1406 393 1439 ut
414 1413 457 1439 ex
481 1401 742 1452 duodeviginti
764 1400 916 1439 milibus
939 1401 1141 1440 hominum
1164 1402 1239 1440 duo
1262 1402 1363 1441 milia
1383 1402 1482 1441 haud
1506 1402 1671 1453 amplius

270 1457 471 1496 evaserint.
513 1458 647 1497 eastris
669 1458 803 1496 hostes
826 1457 937 1508 potiti
955 1463 1057 1496 sunt.

384 1514 463 1552 Hae
492 1515 614 1554 clades
643 1527 758 1566 super
785 1514 895 1553 aliam
923 1514 991 1553 alia
1014 1515 1178 1554 Romam
1206 1528 1292 1555 eum
1315 1521 1446 1555 essent
1466 1515 1672 1561 nuntiatae,

269 1571 403 1622 ingens
427 1572 578 1622 quidem
603 1576 639 1610 et
658 1572 784 1610 luctus
802 1577 838 1610 et
856 1583 973 1622 pavor
991 1572 1178 1611 civitatem
1198 1572 1315 1624 cepit3
1337 1573 1403 1612 sed
1422 1579 1563 1619 tamen,
1586 1572 1673 1623 quia

272 1628 468 1675 consules⁷
497 1629 561 1668 ubi
589 1641 740 1667 summa
762 1641 891 1667 rerum
914 1634 1032 1676 esset,
1061 1629 1106 1667 ad
1129 1629 1165 1668 id
1186 1629 1360 1668 locorum
1384 1642 1570 1681 prospere
1590 1642 1671 1668 rem

1703 1468 1743 1499 20

192 1522 243 1559 22

268 1765 468 1797 Postumius
496 1765 638 1807 integris
666 1764 852 1807 legionibus
876 1764 933 1797 (le-

258 1812 401 1852 sessam
417 1813 521 1842 aciem
538 1829 582 1833 —
598 1810 738 1852 invadit,
758 1810 810 1849 25,
834 1810 881 1852 13,
902 1811 933 1842 2.

269 1875 313 1879 —
330 1867 404 1898 qua,
428 1857 453 1898 1,
473 1855 526 1896 27,
546 1856 576 1887 6.

314 1902 423 1933 5-7.
449 1913 513 1933 Sita
531 1901 596 1940 all„
622 1902 708 1933 nicht
732 1901 807 1932 dass
834 1912 871 1932 er
889 1901 934 1932 ir-

268 1948 352 1986 geud
377 1948 448 1978 eine
481 1966 522 1969 —
549 1947 668 1987 gehabt
693 1947 801 1986 hatte3
833 1947 934 1978 durch

269 1993 341 2023 eine
358 2011 402 2015 —-
420 2003 481 2024 von
497 1993 607 2024 seiher
621 1993 722 2024 Seite.
735 2011 780 2015 —
795 1994 933 2036 impetu,

269 2038 322 2077 22,
341 2038 393 2077 50,
411 2037 584 2079 12.—qno
602 2038 671 2069 loco
687 2049 715 2069 n.
733 2040 934 2075 consistere,-

268 2083 338 2113 also
359 2083 447 2114 nicht
470 2083 499 2113 in
525 2083 593 2113 ihre
613 2083 778 2123 Mauipeln
797 2084 861 2113 und
879 2081 938 2113 auf

269 2129 329 2159 den
348 2127 444 2158 ihnen
462 2128 715 2168 angewiesenen
735 2127 883 2169 Phineu,
905 2138 931 2159 s.

270 2172 322 2212 22,
342 2173 372 2211 5,
388 2172 425 2211 33
446 2173 475 2204 7.
493 2191 536 2195 —-
551 2183 613 2217 per
626 2172 718 2204 libid.
735 2173 814 2203 nach
832 2172 933 2204 Will-

270 2219 340 2260 kiir,
359 2218 481 2249 Laune.
505 2236 551 2240 -
573 2220 636 2249 sin.
662 2217 730 2258 ala,
755 2218 805 2249 die
831 2217 933 2249 Fuss-

269 2269 407 2306 truppen
426 2264 485 2295 der
509 2263 801 2303 ssundesgenossen
820 2273 932 2294 waren

271 2310 300 2340 in
315 2309 399 2340 zwei
414 2308 486 2340 alae
501 2320 541 2340 zu
555 2308 932 2349 42001i1ann‚den1·um.

273 2355 435 2395 [legionen
447 2354 855 2396 entsprechend,getheist,
870 2354 934 2385 und

270 2400 404 2431 wurden
420 2401 539 2431 dextra
554 2400 617 2430 und
633 2400 767 2430 sinistra
781 2403 932 2440 genannt,

270 2456 295 2477 s.
316 2446 368 2483 27,
389 2446 418 2487 2,
438 2446 467 2476 7.
503 2445 580 2476 Hier
598 2445 762 2475 bekommt
778 2445 828 2475 die
853 2444 934 2475 sini-

270 2495 338 2522 stra
355 2491 407 2522 ala
425 2491 482 2522 mit
499 2491 557 2522 der
573 2495 682 2521 ersten
698 2489 822 2530 Legion
841 2489 932 2521 ihren

271 2536 363 2567 l’latz
383 2536 421 2567 im
441 2541 552 2568 ersten
578 2535 719 2576 Treffen,
745 2535 811 2575 vgl.
832 2535 884 2575 27,
906 2535 931 2576 1,

272 2581 307 2617 ῖς
329 2581 380 2619 37,
396 2583 426 2621 5,
445 2582 525 2612 1.-
543 2582 576 2612 in
592 2582 712 2624 primo,
732 2591 757 2611 s.
772 2580 823 2622 30,
842 2580 933 2619 13,2,

270 2626 333 2656 wie
351 2631 445 2658 sonst
465 2629 575 2670 prima
597 2628 694 2664 acies,
720 2626 784 2666 vgl.
812 2626 859 2666 10,
883 2626 933 2666 14,

274 2670 326 2700 17:
352 2673 387 2701 ni
407 2672 552 2704 secunda
574 2674 660 2704 (teies
675 2690 720 2694 -—
735 2673 769 2703 in
786 2672 934 2714 primum

269 2719 505 2755 successissetf
524 2718 552 2757 2,
569 2717 621 2757 20,
640 2717 689 2749 10.
706 2736 751 2741 —
766 2718 801 2749 in
816 2717 934 2759 longit.

1006 1766 1068 1796 wie
1088 1765 1140 1805 27,
1154 1764 1208 1804 48,
1228 1765 1264 1803 ὃς
1284 1766 1313 1807 5,
1328 1765 1380 1806 38,
1399 1765 1430 1797 2.
1444 1785 1485 1788 —
1500 1767 1672 1798 introrsus

1007 1811 1058 1842 die
1074 1810 1209 1843 Glieder
1224 1811 1336 1842 hatten
1351 1812 1438 1843 nicht
1450 1810 1671 1852 genugTiese,

1007 1856 1036 1895 2,
1063 1856 1116 1897 31,
1146 1856 1183 1895 23
1215 1856 1272 1894 32,
1301 1857 1351 1895 17,
1376 1856 1406 1888 8.
1441 1856 1542 1888 Sonst
1559 1857 1603 1888 ist
1620 1857 1671 1888 die

1007 1900 1222 1941 Aufstellung
1254 1903 1311 1933 des
1341 1902 1465 1934 Heeres
1501 1903 1580 1933 nach
1610 1903 1670 1934 den

1008 1947 1077 1979 drei
1096 1947 1338 1988 Abtheilungen
1357 1948 1416 1979 der
1434 1948 1563 1987 hastati,
1581 1948 1670 1990 prin-

1008 1993 1107 2034 cipes,
1128 1993 1234 2023 triarii
1252 2002 1315 2023 von
1334 1993 1441 2024 selbst
1464 1993 1623 2033 gegeben,
1643 2003 1669 2024 s.

1008 2038 1037 2077 S,
1057 2037 1088 2069 8.
1106 2056 1138 2059 ss—
1165 2039 1276 2069 robor.
1303 2048 1342 2068 ac
1358 2039 1438 2077 vir„
1463 2048 1489 2069 s.
1509 2049 1535 2069 e.
1560 2037 1618 2077 33,
1638 2037 1669 2069 6.

1006 2101 1049 2104 —
1063 2082 1108 2113 ad
1122 2093 1196 2114 aar.
1211 2082 1311 2121 adin„
1338 2083 1403 2122 vgl.
1423 2082 1476 2122 30,
1494 2082 1525 2122 3,
1551 2083 1584 2114 7:
1610 2093 1672 2115 au—

1007 2128 1101 2159 ribus
1114 2127 1262 2159 admisit.
1272 2146 1316 2150 —
1327 2131 1538 2171 perruptum
1553 2138 1592 2159 an
1608 2128 1668 2160 den

1006 2173 1176 2204 einzelnen
1187 2172 1325 2212 Stellen‚
1341 2174 1420 2204 nach
1430 2174 1537 2206 hostis
1550 2172 1609 2205 auf
1619 2174 1669 2205 die

1006 2218 1187 2249 Einzelneu
1206 2218 1363 2258 bezogen.

1052 2263 1173 2295 8-10,
1198 2267 1230 2295 et
1257 2264 1379 2304 Haun.,
1410 2264 1473 2295 und
1499 2264 1669 2296 iiberdiess

1006 2309 1088 2340 dazu
1107 2309 1179 2340 kam
1197 2310 1273 2341 dass
1298 2320 1328 2340 u.
1348 2320 1374 2341 s.
1394 2320 1434 2341 w.
1482 2309 1568 2341 Voss
1593 2320 1669 2341 ver-

1005 2355 1130 2386 muthet
1147 2357 1184 2385 at
1199 2355 1234 2386 H.
1260 2373 1304 2377 —
1321 2357 1469 2398 arrepto,
1488 2359 1583 2386 sonst
1599 2355 1669 2386 sind

1006 2399 1056 2430 die
1072 2399 1252 2431 Feldherru
1268 2400 1471 2440 gewh'hnlieh
1486 2411 1526 2430 zu
1541 2398 1670 2431 Pferde.

1006 2464 1048 2467 —
1065 2445 1142 2476 inde
1158 2456 1186 2486 a,
1206 2446 1301 2484 daun,
1316 2445 1430 2476 sobald
1448 2445 1495 2475 sie
1509 2444 1668 2485 anfangen

1006 2491 1143 2522 wollten
1163 2502 1202 2521 zu
1221 2491 1356 2529 ssiehen3
1376 2490 1416 2522 de
1432 2501 1453 2521 α
1466 2490 1592 2521 scheint
1610 2500 1670 2521 vor

1008 2539 1104 2577 tergo
1123 2535 1339 2576 ausgefallen.
1375 2535 1440 2566 Der
1463 2546 1566 2575 ganze
1584 2535 1669 2567 Vor-

1007 2591 1092 2621 gang
1116 2582 1159 2613 ist
1177 2582 1207 2613 in
1227 2582 1303 2613 sehr
1320 2580 1445 2622 grellen
1467 2580 1593 2612 Farben
1612 2591 1669 2620 ge-

1008 2627 1177 2658 schildert.

1051 2666 1119 2703 22.
1148 2672 1242 2703 1—4.
1260 2681 1362 2715 super
1384 2671 1425 2703 al.
1443 2670 1496 2711 al„
1521 2681 1548 2701 s.
1567 2670 1596 2707 6,
1621 2671 1670 2711 10,

1007 2717 1037 2749 S.
1055 2736 1098 2740 —
1114 2728 1247 2750 semema
1263 2727 1339 2759 rein,
1360 2727 1386 2748 s.
1406 2716 1433 2758 3,
1455 2716 1484 2757 5,
1499 2715 1534 2755 8;
1555 2716 1596 2747 ib.
1620 2716 1669 2755 10,

1780 2593 1784 2772 1

1781 2774 1784 2947 l
