1784 2967
135 246 159 263 u.
177 237 229 264 Ch.
245 238 306 263 202.
603 226 731 260 LIBER
759 226 876 259 XXX.
909 226 1002 258 CAP.
1027 225 1081 259 37.

1460 226 1541 266 407

136 329 311 370 sionibus
334 330 464 381 aequis
486 330 527 368 in
549 340 674 368 annos
697 341 730 374 L,
760 328 972 376 solverent;
1002 327 1158 367 obsides
1182 331 1335 367 centum
1357 327 1545 367 arbitratu

138 385 332 437 Scipionis
355 386 499 434 darent,
521 398 570 424 ne
591 385 765 424 minores
786 397 872 423 xlm
894 384 1005 424 annis
1025 396 1100 423 neu
1121 396 1196 422 xxx
1217 383 1397 423 maiores.
1428 383 1542 423 indu-

136 443 208 482 tias
231 442 282 481 ita
304 455 346 481 se
366 443 558 489 daturum,
581 442 614 481 si
630 454 699 492 per
719 441 871 492 priores
889 441 1055 480 indutias
1085 452 1199 480 naves
1229 440 1427 479 onerariae
1450 452 1541 491 cap-

136 504 206 546 tae,
228 510 402 550 quaeque
421 499 590 538 fuissent
609 498 649 537 in
671 497 844 545 navibus,
866 498 1179 537 restituerentur:
1207 496 1314 535 aliter
1335 508 1407 536 nec
1426 496 1541 535 indu-

136 555 208 595 tias
230 567 303 594 nec
325 568 434 606 spem
455 555 561 606 pacis
583 554 698 594 ullam
721 567 820 593 esse.

250 611 328 650 Has
352 611 602 650 condiciones
624 611 735 661 legati
752 623 839 649 cum
857 610 1018 649 domum
1034 609 1175 649 referre
1191 608 1287 648 iussi
1303 608 1343 647 in
1360 607 1543 647 contione

137 668 306 714 ederent,
335 673 372 707 et
393 668 511 718 Gisgo
539 667 586 707 ad
608 667 909 707 dissuadendam
939 679 1074 717 pacem
1102 665 1361 717 processisset
1387 663 1541 703 audire-

136 729 276 775 turque
304 736 323 762 a
351 724 600 763 multitudine
619 724 787 774 inquieta
809 723 943 762 eadem
965 728 1003 761 et
1028 722 1168 769 inbelli,
1195 721 1414 772 indignatus
1437 720 1540 759 Han—

136 780 238 819 nibal
259 780 333 819 dici
356 793 398 819 ea
419 781 458 820 in
478 781 541 819 tali
555 786 733 832 tempore
750 779 961 830 audirique,
983 783 1179 829 arreptum
1197 777 1408 828 Gisgonem
1426 787 1544 815 manu

75 845 115 877 10
141 849 211 876 sua
232 849 277 875 ex
300 837 503 887 superiore
524 837 611 876 loco
636 837 809 876 detraxit.
843 848 938 887 quae
959 835 1109 874 insueta
1130 834 1270 873 liberae
1292 833 1431 873 civitati
1453 845 1542 883 spe-

72 1124 110 1156 15

138 893 214 932 cies
237 905 326 932 cum
346 893 546 932 fremitum
567 894 701 944 populi
722 893 922 939 movisset,
946 891 1191 943 perturbatus
1212 890 1386 929 militaris
1402 889 1460 928 vir
1475 900 1543 928 ur-

136 949 235 989 bana
257 949 441 996 libertate,
465 954 659 997 „noven1“
680 950 806 1000 inquit
827 960 1044 996 „annorum
1067 960 1087 986 a
1108 947 1216 986 vobis
1238 947 1437 998 profectus
1455 949 1545 996 post

139 1011 289 1045 sextum
313 1011 350 1045 et
369 1006 609 1046 tricesimum
641 1018 784 1045 annum
814 1005 928 1052 redii,
955 1005 1132 1043 militaris
1160 1008 1282 1052 artes,
1314 1015 1408 1053 quas
1435 1013 1497 1039 me
1524 1013 1544 1040 a

139 1075 261 1113 puero
289 1062 445 1101 fortuna
473 1075 580 1102 nunc
606 1063 750 1114 privata
779 1074 882 1101 nunc
908 1061 1059 1112 publica
1087 1060 1235 1104 docuit,
1266 1058 1387 1109 probe
1412 1057 1546 1096 videor

141 1119 258 1166 scire3
278 1119 386 1158 urbis
409 1132 453 1158 ao
473 1120 547 1158 fori
570 1120 653 1158 iura
681 1120 784 1169 leges
813 1130 942 1156 mores
972 1130 1040 1156 vos
1068 1129 1130 1155 me
1158 1119 1313 1167 oportet
1334 1113 1543 1153 doceatis.“

138 1180 318 1214 excusata
334 1175 581 1227 inprudentia
605 1176 649 1215 de
665 1187 760 1227 pace
782 1174 974 1220 disseruit,
993 1186 1106 1224 quam
1123 1183 1194 1211 nec
1210 1171 1338 1221 iniqua
1356 1174 1392 1209 et
1407 1181 1544 1208 neces-

139 1232 238 1271 saria
257 1230 379 1270 esset.
417 1231 455 1271 id
486 1232 661 1271 omnium
691 1231 857 1270 maxime
878 1229 1032 1269 difficile
1061 1234 1159 1273 erat,
1189 1227 1293 1279 quod
1317 1240 1361 1266 ex
1382 1225 1544 1266 navibus

138 1300 208 1339 per
228 1288 395 1327 indutias
418 1289 538 1339 captis
560 1288 653 1327 nihil
675 1293 826 1339 praeter
846 1288 949 1338 ipsas
973 1285 1222 1336 comparebat
1236 1296 1371 1331 naves,
1391 1294 1464 1321 nec
1484 1282 1543 1320 in-

141 1344 296 1396 quisitio
319 1349 402 1383 erat
420 1345 554 1393 facilis,
579 1344 873 1384 adversantibus
895 1342 979 1394 paci
1008 1342 1072 1393 qui
1094 1345 1358 1392 arguerentur.
1403 1337 1547 1390 placuit

138 1433 221 1465 Zahl
235 1433 414 1465 derJahre.
428 1453 471 1456 ——
486 1434 660 1478 discripta,
676 1444 701 1465 S.
716 1444 742 1464 e.
753 1432 807 1473 26,

139 1479 170 1511 6.
188 1480 435 1522 -ροηείοηίό,
455 1489 542 1521 aeq.‚
566 1489 592 1510 s.
612 1479 671 1519 29,
699 1478 751 1519 16,
775 1478 806 1509 3.

137 1542 182 1547 —
195 1527 340 1564 centum,
360 1523 483 1555 ebenso
502 1523 634 1566 Polyb:
657 1523 738 1555 aber
755 1522 807 1563 32,

139 1568 178 1611 2ξ,
201 1568 239 1608 3;
266 1568 325 1609 40,
350 1568 403 1610 34,
430 1568 470 1599 14
492 1567 577 1609 folgt
598 1568 635 1600 L.
661 1569 807 1600 anderen

139 1613 291 1655 Quellen.
308 1631 352 1636 —
367 1624 410 1645 ne
429 1615 552 1646 minor.
573 1619 648 1653 etc„
669 1614 735 1653 vgl.
754 1612 807 1653 28,

140 1658 197 1698 39,
225 1657 373 1699 19338,
400 1658 456 1697 11,
483 1657 807 1699 63ib.38,16.—

138 1703 301 1741 z'ndutz'as,
319 1713 345 1734 s.
365 1713 392 1734 c.
412 1702 465 1742 38,
484 1702 515 1734 2.
532 1720 577 1726 —
590 1713 654 1746 per
668 1713 721 1746 pr.
737 1702 806 1734 ind.

138 1749 183 1780 ist
198 1749 257 1780 mit
273 1747 471 1779 Naehdruck
487 1758 590 1779 voran
602 1773 610 1789 ,
625 1749 690 1779 und
706 1747 808 1779 indu-

141 1795 206 1826 tias
224 1792 565 1833 gegeniibergestellt.

186 1838 256 1869 7—
268 1838 318 1869 10.
345 1839 510 1878 contione,
528 1838 610 1869 nach
627 1838 699 1868 dem
712 1836 807 1876 Folg.

140 1884 213 1915 eine
229 1882 483 1923 Versammlung
500 1883 557 1914 des
572 1882 707 1923 Volkes,
728 1881 810 1912 wel-

140 1930 217 1961 ches
235 1929 297 1960 den
316 1928 459 1960 Frieden
478 1928 691 1968 genehmigen
706 1937 808 1966 muss‚

139 1973 416 2005 wahrseheinlich
427 1973 507 2004 nach
517 1973 622 2004 einen]
634 1972 808 2003 Beschluss

141 2020 199 2051 der
223 2018 375 2058 Gerusia,
399 2018 466 2059 vgl.
490 2018 573 2060 App.
594 2029 621 2050 c.
641 2018 697 2049 55:
725 2025 808 2049 συν-

141 2061 264 2100 ιόντος
286 2064 351 2095 τοῦ
375 2060 543 2103 πλήθους
565 2061 600 2099 ἐς
616 2061 810 2102 ἐκκλησίαν

141 2108 217 2141 ἐπὶ
242 2107 410 2144 πολλὰς
428 2106 605 2152 ἡμέρας.
623 2126 667 2130 -—
687 2106 808 2149 Gisgo3

141 2154 258 2196 Polyb.
279 2165 307 2185 c.
328 2154 384 2184 19:
408 2151 609 2198 μέλλοντός
624 2163 723 2188 τινος
739 2152 811 2184 τῶν

141 2198 181 2231 ἐκ
210 2199 270 2239 τῆς
297 2201 494 2242 γερουσίας
522 2195 742 2241 ἀντιλέγεινς
773 2197 810 2229 L.

141 2245 198 2276 hat
210 2244 281 2275 also
292 2245 373 2274 noch
382 2244 503 2275 andere
513 2243 652 2284 Quellen
662 2244 811 2274 benutzt.

141 2307 185 2312 ——
197 2291 344 2330 inquieta
358 2294 433 2327 ete,
452 2289 503 2320 die
519 2288 740 2329 Erbitterung
753 2288 811 2319 des

142 2333 268 2366 Volkes
293 2334 375 2365 iiber
392 2334 453 2365 den
472 2333 613 2364 Frieden
633 2334 715 2364 wird
733 2343 810 2364 aus-

142 2377 283 2411 ffihrlich
301 2390 366 2410 von
382 2379 507 2420 Appian
526 2378 548 2409 l.
563 2378 584 2409 l.
599 2378 812 2418 geschildert.

142 2443 187 2447 —
203 2427 236 2455 in
255 2424 315 2456 tali
334 2427 366 2464 t„
386 2424 417 2455 in
437 2424 529 2454 einer
548 2434 594 2464 sc,
612 2423 813 2462 ungeachtet

144 2470 236 2501 einer
251 2480 286 2500 so
297 2469 485 2501 missliehen
499 2469 607 2508 Lage3
628 2469 667 2499 da
676 2467 811 2500 dieHss.

145 2518 270 2547 temere
287 2519 328 2546 st.
347 2517 497 2557 tempore
514 2514 634 2553 haben,
658 2513 701 2544 ist
719 2513 811 2544 viell.

146 2564 295 2604 tempore
312 2562 436 2591 temere
449 2569 489 2590 zu
503 2559 608 2590 lesen.
622 2577 664 2581 —
677 2569 722 2589 em
735 2568 811 2601 sup.

145 2605 176 2647 1.,
194 2605 266 2637 Pol.
286 2602 363 2637 ἀπὸ
384 2601 448 2635 τοὺ
467 2601 640 2648 βήματος.
653 2613 812 2634 -mcmu

146 2661 224 2693 sua,
254 2651 402 2690 obgleich
427 2649 651 2690 nacbgestellt
671 2649 728 2680 hat
750 2658 813 2680 sua

880 1434 942 1464 den
965 1430 1177 1464 Nachdruck:
1205 1430 1266 1461 mit
1287 1430 1423 1470 eigener
1444 1427 1546 1459 Haud,

881 1488 908 1509 S.
927 1489 953 1509 c.
974 1476 1032 1515 38,
1061 1476 1115 1507 12:
1144 1475 1223 1507 sede
1245 1485 1319 1506 sua.
1341 1491 1385 1497 —-
1408 1474 1547 1515 species>

880 1522 1126 1561 Er'scheinung,
1142 1519 1294 1551 Auftritt.
1310 1537 1355 1541 —
1370 1518 1468 1550 milit.
1487 1519 1547 1550 vir,

880 1578 907 1599 s.
926 1567 986 1607 24,
1004 1565 1058 1606 23,
1079 1565 1131 1596 10.
1148 1583 1192 1587 —
1208 1575 1281 1596 nov.
1300 1575 1371 1603 an„
1395 1573 1422 1596 S.
1446 1573 1474 1593 c.
1492 1561 1548 1603 26,

880 1613 916 1652 73
942 1612 996 1651 30,
1016 1610 1066 1642 10.
1086 1629 1129 1632 ——
1146 1613 1235 1641 seoet.
1255 1621 1282 1641 e.
1301 1612 1354 1649 tr„
1372 1619 1400 1639 c.
1418 1607 1472 1647 35,
1489 1606 1549 1645 103

879 1657 995 1699 Polyb.
1029 1656 1143 1687 πλείω
1177 1653 1218 1686 δὲ
1250 1653 1323 1687 τῶν
1350 1652 1460 1685 πέντε
1489 1650 1549 1684 καὶ

879 1697 1145 1744 τετταράκοντα
1158 1698 1248 1731 ἐτῶν
1263 1693 1551 1741 ἔχων-ἐπανή-

881 1758 949 1785 κει;
969 1756 1006 1777 er
1023 1754 1094 1776 war
1111 1744 1176 1775 236
1194 1754 1223 1775 a.
1239 1743 1294 1775 Ch.
1310 1743 1369 1774 mit
1382 1741 1551 1773 Hamilkar

881 1792 961 1823 nach
980 1790 1122 1831 Spanien
1139 1799 1325 1829 gegangen,
1351 1798 1378 1818 s.
1397 1786 1451 1826 21,
1470 1785 1500 1828 3,
1519 1785 1549 1817 3.

879 1836 1091 1877 —sortuna
1107 1853 1148 1856 —
1166 1834 1316 1877 publica,
1342 1831 1433 1863 seiae
1458 1831 1548 1862 Stel-

880 1882 959 1920 lung
982 1880 1012 1911 in
1036 1879 1414 1916 Privatverli'altnissen,
1439 1876 1488 1907 als
1512 1886 1550 1907 er

881 1927 963 1957 noch
987 1925 1075 1956 nicht
1094 1924 1229 1963 Strateg
1245 1934 1330 1962 war,
1354 1922 1435 1953 aber
1450 1925 1549 1952 unter

882 1971 1006 2003 seinem
1024 1969 1129 2001 Vater
1145 1970 1210 2000 und
1228 1968 1409 2008 Schwager
1425 1967 1547 2007 diente,

881 2016 946 2047 und
971 2015 1020 2046 als
1044 2014 1196 2054 Strateg3
1218 2024 1307 2045 mmo
1328 2031 1373 2035 —
1394 2021 1483 2043 mme
1507 2011 1551 2042 ist

883 2061 971 2092 nic-ht
995 2070 1077 2099 ganz
1096 2059 1202 2099 gleich
1221 2062 1253 2090 et
1270 2077 1314 2081 —
1331 2060 1380 2096 et,
1405 2057 1548 2088 sondern

882 2105 1131 2138 unterscheidet
1186 2104 1238 2135 die
1289 2103 1548 2135 verschiedenen

882 2151 1133 2190 Zeitmomente,
1151 2159 1177 2180 s.
1198 2149 1224 2188 1,
1244 2148 1296 2186 29,
1311 2148 1347 2187 3;
1372 2147 1439 2188 vgl.
1456 2158 1482 2178 c.
1497 2145 1550 2186 30,

885 2196 936 2227 10.
954 2214 998 2218 —-—-
1014 2194 1141 2231 videor,
1159 2193 1198 2225 Z.
1213 2194 1233 2235 ξ
1248 2192 1323 2224 380.
1337 2211 1380 2214 -
1394 2195 1472 2224 iura
1484 2191 1549 2233 leg.

883 2252 928 2273 m.
943 2241 1015 2271 sind
1028 2240 1100 2271 hier
1113 2239 1201 2269 nicht
1214 2248 1320 2279 genau
1335 2237 1550 2276 zuscheiden,

883 2286 951 2326 vgl.
974 2285 1008 2325 1,
1033 2284 1071 2324 8,
1095 2284 1134 2323 2?
1160 2283 1217 2325 24,
1243 2283 1277 2323 3,
1304 2283 1362 2321 113
1389 2282 1442 2322 26,
1462 2282 1491 2319 3,
1512 2281 1549 2321 8;

884 2330 1002 2373 Polyb.
1027 2340 1104 2361 nur:
1127 2330 1160 2361 εἴ
1180 2340 1212 2360 τι
1238 2325 1339 2371 παρὰ
1363 2325 1449 2363 τοὺς
1471 2325 1551 2359 ἐθι-

885 2373 1004 2419 σμοὺς
1021 2371 1184 2417 πράττει.
1201 2392 1245 2396 —
1259 2373 1299 2404 de
1310 2383 1392 2416 pace
1405 2377 1480 2412 etc„
1499 2372 1550 2402 die

884 2421 1086 2461 Ergiinzung
1109 2420 1169 2450 der
1185 2419 1296 2450 Liicke
1317 2418 1361 2450 ist
1377 2417 1548 2453 unsicher3

884 2477 945 2498 zur
962 2464 1195 2497 construction
1219 2475 1244 2495 s.
1271 2464 1328 2505 29,
1354 2462 1407 2504 13,
1433 2462 1469 2502 7;
1496 2460 1550 2502 26,

886 2512 944 2551 37,
971 2511 1001 2541 9.
1019 2528 1059 2532 -ν
1080 2520 1179 2551 quam
1201 2527 1246 2531 ——
1265 2519 1341 2549 uec,
1368 2508 1398 2549 5,
1418 2507 1447 2549 9,
1465 2507 1504 2546 53
1523 2517 1548 2537 s.

884 2557 944 2587 Dio
964 2555 1055 2587 Cass.
1074 2554 1114 2587 fr.
1134 2554 1187 2593 57,
1207 2554 1247 2585 83
1258 2553 1278 2585 f.

935 2600 1089 2631 11—12.
1119 2599 1307 2631 adversam.
1329 2609 1362 2641 p.
1387 2609 1416 2639 q.
1439 2608 1487 2639 a.,
1510 2597 1550 2629 da

883 2647 946 2687 die,
963 2646 1089 2677 welche
1107 2644 1316 2684 beschuldigt
1333 2643 1469 2675 wurden
1490 2651 1549 2683 ge—

1572 390 1592 422 6

1576 1183 1616 1216 10

1577 1236 1614 1270 11

1578 1350 1617 1382 12
