1784 2967
45 804 87 836 10

44 1083 84 1116 15

43 1360 85 1394 20

119 197 287 224 a.ch.‘204.
527 186 654 219 LIBER
680 185 810 218 XXIX.
859 185 951 216 CAP.
980 184 1032 216 30.
1052 184 1105 216 31.

1435 184 1514 223 307

115 289 295 341 perfugit.
336 289 387 329 ita
417 293 644 340 recuperato
668 299 787 338 regno
810 292 970 338 paterno
993 286 1213 333 Masinissa,
1243 285 1330 337 quia
1352 285 1426 324 sibi
1448 285 1515 324 ad-

115 358 250 384 versus
272 345 486 396 Syphacem
508 345 609 384 haud
629 344 743 395 paulo
766 343 953 382 maiorem
969 348 1113 382 restare
1129 341 1414 381 dimicationem
1434 354 1518 381 cer-

115 402 248 447 nebat,
279 402 471 452 optimum
498 406 603 440 ratus
632 413 719 439 cum
745 399 864 438 fratre
884 399 1055 450 patruele
1076 399 1235 449 gratiam
1256 397 1516 443 reconciliare,

116 457 248 496 missis
278 458 342 508 qui
371 463 408 497 et
433 470 554 509 puero
583 469 692 507 spem
713 456 898 499 facerent,
929 456 959 494 si
988 456 1026 494 in
1049 456 1161 493 fidem
1183 454 1409 493 Masinissae
1431 467 1518 493 sese

116 514 377 565 permisisset,
401 514 575 552 futurum
603 525 690 551 eum
718 512 756 550 in
788 512 924 550 eodem
953 513 1121 558 honore,
1150 524 1226 562 quo
1255 510 1355 561 apud
1386 510 1517 549 Galam

117 569 294 609 Oezalces
328 570 524 621 quondam
553 569 707 614 fuisset,
739 573 776 606 et
803 568 867 619 qui
895 567 1116 606 Mazaetullo
1143 573 1294 618 praeter
1322 567 1517 617 inpunita-

114 631 190 664 tem
219 639 287 665 sua
316 626 443 666 omnia
472 637 559 664 cum
581 625 656 663 fide
676 625 823 663 restitui
846 625 1097 674 sponderent,
1118 623 1231 662 ambo
1254 623 1519 673 praeoptantis

114 682 225 721 exilio
247 682 438 720 modicam
461 681 566 720 domi
587 681 798 727 fortunam,
816 681 957 727 omnia,
980 692 1028 718 ne
1044 680 1081 718 id
1098 680 1215 726 fieret,
1231 679 1519 729 Carthaginien-

114 738 220 777 sibus
243 738 290 777 de
312 737 499 776 industria
522 737 736 787 agentibus,
757 737 803 776 ad
826 749 913 775 sese
932 736 1122 787 perduxit.

1549 291 1587 324 10

1549 461 1587 493 11

1549 575 1589 606 12

227 793 440 833 Hasdrubal
460 799 542 832 tum
562 794 677 840 forte,
700 805 787 832 cum
809 793 902 831 haec
922 792 1162 843 gerebantur,
1181 792 1282 843 apud
1300 792 1515 843 Syphacem
1544 789 1597 828 31

115 854 213 896 erat3
241 850 304 900 qui
335 849 541 896 Numidae,
569 850 670 888 haud
693 862 785 888 sane
807 849 969 888 multum
992 849 1036 887 ad
1061 862 1102 887 se
1124 849 1314 899 pertinere
1337 848 1518 891 credenti,

113 911 243 944 utrum
277 918 398 956 penes
426 906 664 945 Lacumazen
700 918 747 944 an
774 905 1016 944 Masinissam
1053 916 1217 955 regnum
1245 905 1518 943 Maesuliorum

112 967 231 1008 esset,
252 961 329 1000 falli
351 975 437 1001 eum
465 974 701 1014 magnopere
723 961 786 1007 ait,
808 961 839 999 si
861 961 1105 1000 Masinissam
1127 961 1271 999 eisdem
1295 965 1519 999 contentum

112 1017 196 1056 fore
232 1018 372 1068 quibus
399 1024 548 1069 patrem
577 1019 707 1057 Galam
735 1022 800 1056 aut
826 1023 1005 1068 patruum
1035 1018 1116 1056 eius
1145 1016 1340 1056 Oezalcem
1372 1016 1518 1055 credat:

114 1074 233 1112 multo
261 1074 447 1113 maiorem
477 1075 645 1113 indolem
673 1075 712 1112 in
739 1086 784 1112 eo
812 1074 928 1112 animi
958 1073 1177 1124 ingeniique
1204 1085 1306 1121 esse,
1337 1085 1450 1123 quam
1479 1071 1519 1110 in

114 1130 191 1168 ullo
220 1130 343 1180 gentis
371 1130 451 1169 eius
479 1143 663 1181 umquam
690 1130 846 1176 fuisset3
876 1142 991 1180 saepe
1019 1142 1105 1168 eum
1134 1129 1174 1167 in
1202 1129 1387 1179 Hispania
1413 1140 1520 1168 rarae

113 1186 212 1224 inter
238 1187 418 1225 homines
450 1187 599 1225 virtutis
622 1187 820 1238 specimen
842 1185 994 1224 dedisse
1015 1185 1131 1223 sociis
1154 1185 1299 1235 pariter
1319 1185 1520 1224 hostibus-

114 1254 200 1293 que.
243 1248 279 1281 et
302 1243 514 1293 Syphacem
539 1249 576 1281 et
595 1242 933 1292 Carthaginiensis,
955 1242 1031 1279 nisi
1054 1241 1243 1280 orientem
1264 1241 1370 1280 illum
1392 1242 1518 1292 ignem

113 1299 414 1349 oppressissent,
437 1300 581 1349 ingenti
603 1311 694 1337 mox
715 1298 905 1343 incendio,
930 1310 1016 1336 cum
1038 1297 1112 1336 iam
1131 1297 1273 1336 nullam
1293 1311 1407 1348 opem
1422 1298 1522 1335 ferre

110 1359 292 1405 possent,
320 1367 497 1400 arsuros,
525 1355 650 1393 adhuc
676 1359 826 1393 teneras
849 1359 885 1392 et
904 1353 1056 1403 fragiles
1079 1354 1177 1392 vires
1199 1355 1280 1391 eius
1303 1367 1409 1400 esse,
1438 1354 1520 1391 vix—

111 1410 203 1449 dum
235 1410 454 1449 coalescens
484 1411 649 1449 foventis
675 1422 850 1459 regnum.
888 1410 1069 1448 instando
1093 1410 1406 1460 stimulandoque
1428 1421 1519 1460 per—

111 1467 243 1512 vincit,
272 1472 313 1505 ut
347 1466 554 1505 exercitum
588 1467 634 1505 ad
665 1466 751 1504 finis
778 1466 1049 1504 Maesuliorum
1087 1466 1304 1509 admoveat,
1335 1471 1449 1516 atque
1479 1465 1518 1503 in

111 1535 222 1573 agr0,
250 1522 296 1561 de
323 1535 399 1573 quo
426 1535 540 1573 saepe
561 1535 648 1561 cum
670 1522 760 1560 Gala
781 1534 862 1560 non
883 1521 1009 1560 verbis
1031 1522 1149 1560 modo
1173 1521 1427 1571 disceptatum
1451 1521 1518 1559 sed

112 1666 152 1688 an
172 1657 365 1690 Masinissas
380 1657 482 1689 Reich
500 1662 651 1698 grenzte.

852 1656 1005 1699 Capuam
1023 1667 1115 1688 essse
1129 1656 1273 1699 placui&
1300 1655 1361 1696 39,
1382 1656 1440 1694 24,
1463 1655 1497 1687 11
1512 1668 1518 1687 :

161 1701 201 1732 1⁰
218 1702 313 1733 ⁷⁴12.
338 1701 481 1745 Sypliac.
500 1703 550 1733 als
567 1702 701 1733 Freund
718 1702 778 1733 der

850 1702 1083 1733 Athamanum
1089 1712 1155 1742 gen
1162 1704 1227 1732 tem
1234 1703 1267 1732 in
1279 1701 1395 1732 eadem.
1403 1712 1519 1739 causa,

114 1746 297 1786 Cartlnger
324 1748 390 1778 und
419 1748 477 1778 des
502 1747 714 1778 Lacumazes.
732 1764 778 1769 ——

110 1791 198 1831 frat.
228 1795 316 1834 pat.,
350 1802 376 1823 s.
407 1803 435 1823 c.
464 1791 518 1830 29,
548 1791 599 1822 11.
625 1791 780 1834 —apud

116 1834 151 1868 G.
185 1836 278 1877 Oea,
308 1847 345 1868 er
373 1837 457 1868 solle
486 1836 535 1867 als
565 1836 692 1867 Bruder
720 1836 778 1866 des

112 1879 238 1921 lionigs
269 1882 386 1921 geehrt
413 1882 563 1922 werden,
591 1881 663 1912 also
690 1879 778 1911 Aus-

114 1927 240 1958 sichten
264 1925 323 1958 auf
343 1927 402 1957 den
421 1926 531 1958 Thron
552 1926 668 1957 haben.
686 1943 729 1947 —
747 1928 781 1956 et

113 1973 186 2013 qui,
216 1981 331 2011 wegen
361 1972 420 2003 der
438 1971 709 2002 Zwischensiitze
735 1970 780 2001 ist

112 2018 172 2059 qui
192 2017 407 2056 wiederholt,
432 2027 458 2047 s.
477 2015 531 2055 21,
552 2016 602 2053 15,
622 2017 659 2054 4;
683 2025 777 2046 wenn

111 2071 183 2093 man
209 2062 296 2093 nicht
319 2063 498 2092 annehmen
517 2061 602 2102 will,
627 2061 702 2092 dass
720 2070 781 2091 an-

113 2107 191 2138 dere
206 2106 374 2138 Gesandte
388 2117 427 2137 an
440 2105 660 2137 Mazaetullus
674 2106 724 2136 als
739 2115 778 2136 an

113 2151 315 2183 Lacumazes
333 2151 502 2191 geschickt
519 2152 626 2191 seien,
646 2150 781 2182 Gronov

115 2196 183 2227 will
204 2196 260 2227 das
280 2196 381 2227 &Vort
398 2197 515 2236 tilgen.

160 2233 229 2272 31·
264 2241 372 2272 1-3,
405 2241 496 2284 apud
518 2240 680 2284 Syphac.,
705 2241 780 2271 eine

116 2286 249 2327 spiitere
268 2285 561 2317 Zusammenkunft
584 2286 634 2317 als
654 2285 706 2325 28,
729 2285 780 2316 17.

115 2349 157 2353 —
177 2330 269 2361 leam!
291 2341 387 2366 sane,
407 2341 432 2361 s.
458 2330 510 2369 21,
536 2330 587 2369 32,
609 2331 659 2361 10.
677 2349 720 2352 —
737 2340 779 2361 an

117 2375 249 2417 Massa„
268 2376 330 2413 vgl.
353 2386 379 2406 e.
398 2375 452 2415 213,
474 2375 506 2406 1:
527 2375 578 2414 33,
597 2375 651 2415 36,
674 2375 728 2406 15:
746 2377 779 2406 in

115 2420 216 2452 Boios
233 2422 328 2463 prius
345 2432 386 2451 an
406 2420 586 2458 Insubres,
608 2420 659 2459 10,
674 2420 726 2460 36,
741 2420 779 2457 ὃς

115 2465 168 2504 30,
188 2465 228 2496 23
247 2466 284 2503 33
313 2465 364 2503 39,
384 2466 438 2505 27,
457 2466 492 2496 -1:
513 2466 561 2497 vel
575 2476 638 2508 pro
653 2466 781 2506 fratris

114 2512 246 2542 meritis
264 2529 307 2533 —
331 2510 381 2541 rel
402 2512 493 2549 sufs,
518 2511 560 2541 ib.
587 2510 640 2550 34,
663 2510 681 2540 3
700 2521 731 2541 u.
751 2519 781 2540 a.

114 2573 159 2579 —
176 2557 296 2597 quibus
311 2559 462 2599 patrem,
490 2556 555 2595 vgl.
580 2560 614 2597 b,
643 2555 699 2596 14,
727 2555 781 2586 11:

117 2600 284 2633 Cumanos
309 2601 458 2632 eiusdem
488 2602 590 2640 iuris,
613 2618 658 2623 —-
686 2601 783 2631 cuius

851 1757 916 1788 qua
949 1745 1088 1777 Aetolos
1110 1747 1247 1787 fuiss-(33
1287 1745 1341 1785 34,
1377 1745 1430 1787 32,
1463 1746 1519 1776 16:

851 1790 1029 1822 Messenen
1067 1801 1133 1821 uno
1165 1793 1264 1830 atque
1296 1790 1411 1821 eodem
1443 1791 1521 1822 iure

841 1835 1001 1877 foederis
1008 1860 1016 1876 ,
1038 1845 1101 1876 qno
1125 1837 1158 1866 et
1173 1834 1460 1866 Lacedaemonem
1476 1852 1520 1857 ——

853 1883 1041 1923 receptam,
1059 1881 1196 1922 cepisti3
1223 1878 1260 1910 Z.
1278 1879 1298 1921 ξ
1318 1880 1392 1910 774.
1411 1898 1453 1902 -
1470 1881 1521 1911 1¹71-

852 1925 916 1956 dol.
936 1943 978 1947 —
996 1927 1077 1966 iugu,
1102 1926 1131 1966 9,
1148 1924 1199 1964 17,
1218 1925 1269 1955 10.
1288 1943 1330 1947 —
1347 1924 1426 1963 ullo,
1445 1935 1470 1955 s.
1489 1936 1518 1955 e.

855 1969 1052 2010 17‚1S;9‚
1077 1969 1127 2009 34,
1156 1969 1182 2010 1,
1208 1969 1275 2008 vgl.
1301 1970 1330 2006 3,
1355 1969 1408 2008 57,
1427 1969 1520 2000 6.—

851 2016 1031 2058 specz'men,
1051 2014 1217 2052 collectiv,
1236 2013 1302 2054 vgl.
1317 2014 1371 2052 25,
1389 2013 1441 2054 36,
1460 2013 1518 2052 16;

852 2060 905 2098 28,
936 2059 988 2100 35,
1020 2059 1070 2091 12.
1095 2078 1140 2082 —
1161 2060 1261 2090 sociis
1283 2076 1328 2081 ——
1345 2059 1452 2098 host„
1483 2068 1518 2089 so

852 2105 929 2136 dass
944 2105 992 2135 sie
1007 2105 1118 2144 saheu,
1133 2114 1195 2134 vor
1209 2105 1316 2135 ilinen.
1327 2103 1521 2135 ——vixdum

853 2149 935 2181 conl.
953 2150 1171 2190 —sorentz's,
1193 2149 1310 2179 Beides
1327 2159 1390 2179 von
1411 2147 1519 2179 &Vun-

853 2195 914 2226 den
933 2194 1098 2225 entlehnt:
1117 2195 1155 2224 da
1174 2204 1211 2224 er
1229 2194 1298 2224 sein
1313 2192 1424 2232 Reich,
1443 2193 1517 2223 des—

854 2250 911 2270 sen
947 2238 1101 2270 XVunden
1135 2238 1230 2268 kaum
1264 2239 1346 2268 noch
1377 2238 1444 2268 sich
1478 2248 1519 2268 zu

854 2284 1036 2316 schliessen
1055 2281 1272 2323 angesangen,
1291 2283 1420 2324 pllegtc.

899 2329 1008 2360 4-6.
1048 2328 1205 2359 instando
1232 2327 1427 2358 bezeiclinet
1457 2327 1517 2357 den

854 2373 1175 2407 EiferHasdrubals:
1192 2372 1519 2403 stimulmulodeuter

853 2418 912 2450 auf
926 2420 976 2450 die
995 2418 1152 2450 ludolenz
1171 2418 1227 2448 des
1246 2416 1383 2455 Ho'nigs,
1402 2435 1443 2439 —
1457 2415 1519 2447 ad-

853 2467 1000 2504 moveat,
1025 2474 1060 2494 es
1081 2464 1156 2494 tliun
1176 2462 1277 2499 solle,
1301 2473 1327 2492 s.
1346 2462 1367 2503 ξ
1382 2462 1411 2492 7.
1426 2479 1468 2483 -—-
1485 2463 1518 2491 in

853 2520 948 2550 agro,
969 2510 1025 2539 das
1042 2507 1158 2539 Gebiet
1176 2508 1289 2538 beider
1303 2506 1429 2545 lionige
1449 2515 1519 2536 war

855 2556 955 2585 durch
971 2554 1030 2584 den
1049 2554 1229 2594 Ampsaga·
1241 2552 1339 2583 Fluss
1353 2555 1522 2591 getrennt.

856 2600 886 2630 in
913 2600 1032 2630 dessen
1047 2597 1140 2629 Nahe
1163 2598 1230 2628 wol
1252 2598 1304 2628 die
1323 2595 1458 2637 Gegend
1479 2605 1520 2626 zu

1183 2652 1254 2684 20*

1549 1474 1568 1504 v!
