1784 2967
113 217 139 238 Ι.
152 211 205 240 ch.
220 214 281 241 206.

561 215 688 249 LIBER
706 218 862 256 XXVIII.
902 224 994 258 CAP.
1021 227 1075 261 24.

1437 244 1510 284 181

109 306 302 356 tribunos,
325 324 370 351 ex
388 318 616 368 contagione
633 320 779 361 furoris
801 324 902 366 haud
924 334 1091 381 expertis
1108 337 1309 380 seditionis
1327 342 1515 384 defectio-

932 398 970 425 1n
1008 401 1210 444 principiis
1240 398 1435 448 smebant,
1476 407 1514 441 et

107 419 260 469 signum
297 424 343 463 ab
378 427 432 466 eis
466 432 666 481 petebant,
703 440 739 473 et
773 437 812 476 in
848 441 1054 484 stationem
1090 461 1133 487 ac
1168 451 1311 503 vigilias
1338 455 1378 494 in
1405 458 1511 497 ordi-

51 505 54 507 .
103 486 194 514 nem
231 479 354 529 ibant;
395 490 432 523 et
467 491 508 525 ut
541 489 617 527 vim
652 490 791 542 imperi
830 495 1089 550 abstulerant,
1127 505 1178 545 ita
1214 510 1381 559 speciem
1407 513 1508 553 dicto

55 540 76 572 5
104 536 342 583 parentium,
384 541 483 580 ultro
524 544 597 583 sibi
637 546 705 598 iml

705 555 873 591 Jerantes
884 585 892 601 ,
933 558 1147 600 servabant.

1203 567 1331 616 erupit
1371 569 1509 610 deinde

100 589 257 637 seditio,
294 601 501 647 postquam
536 603 820 651 reprehendere
854 615 966 662 atque
1001 614 1209 666 inprobare
1244 622 1421 664 tribunos
1451 640 1506 675 ea,

99 653 194 695 quae
220 649 371 695 fierent,
406 659 443 692 et
470 658 600 696 conari
630 660 779 701 obviam
810 664 881 713 ire,
909 673 946 706 et
971 673 1172 723 propalam

96 701 149 740 ris
186 716 322 745 eorum
352 721 393 746 se
423 710 575 752 futuros
601 717 730 756 socios

97 757 206 809 cipiis
233 774 277 800 ac
305 770 398 814 post
422 768 539 817 paulo
568 783 587 808 e
616 775 750 814 castris

1202 676 1368 719 abnuere
1395 681 1506 721 furo-

760 732 978 764 senserunt.
1024 728 1165 779 fugatis
1194 732 1320 786 itaque
1350 749 1368 775 e
1395 739 1505 789 prin-

777 778 962 827 tribunis,
988 784 1033 822 ad
1062 787 1257 840 principes
1286 793 1503 844 seditionis,

23 819 66 852 10
94 817 290 866 gregarios
312 821 463 871 milites,
485 824 524 863 C.
547 827 697 868 Albium
717 832 897 874 Calenum

921 843 957 876 et
978 840 1015 878 C.
1039 842 1187 883 Atrium
1208 846 1409 897 Umbrum,
1433 852 1501 891 de-

90 869 209 911 latum
240 878 413 916 omnium
443 892 638 923 consensu
666 886 871 938 imperium
900 899 970 933 est.
1013 899 1075 948 qui
1103 912 1346 954 nequaquam
1373 906 1498 947 tribu-

89 926 198 966 niciis
228 935 398 973 contenti
426 941 662 979 ornamentis

693 944 856 996 insignia
880 950 992 989 etiam
1017 957 1159 994 summi
1181 958 1350 1010 imperii,
1376 963 1499 1003 fasces

89 994 342 1038 securesque,
373 992 585 1034 adtrectare
611 999 712 1047 ausi3
737 1014 862 1054 neque
889 1009 989 1046 venit
1009 1010 1048 1048 in
1075 1019 1243 1053 mentem
1276 1017 1357 1056 suis
1380 1021 1497 1071 tergis

87 1039 246 1091 suisque
268 1047 480 1088 cervicibus
504 1052 628 1103 virgas
651 1055 730 1095 illas
753 1071 986 1113 securesque
1003 1066 1216 1117 imminere,
1237 1084 1331 1122 quas
1349 1075 1394 1113 ad
1412 1089 1496 1115 me-

20 1101 61 1133 15
86 1099 167 1134 tum
199 1099 360 1140 aliorum
388 1107 638 1155 praeferrent.
678 1125 787 1153 mors
811 1116 1003 1169 Scipionis
1025 1123 1122 1162 falso
1146 1128 1286 1167 credita
1310 1130 1495 1172 obcaeca-

83 1150 149 1191 bat
183 1156 353 1206 animos,
392 1161 464 1200 sub
497 1165 604 1204 cuius
640 1169 828 1220 vulgatam

28 1344 43 1355 V.
80 1319 178 1360 stalt,
203 1322 284 1354 doch
303 1324 385 1366 liegt
402 1328 462 1360 der
477 1330 675 1366 Nachdruck
692 1336 753 1368 auf

78 1362 321 1401 Romanorum.
353 1389 394 1394 —
419 1384 473 1415 re,
504 1377 561 1408 das
593 1379 662 1411 hds.
687 1392 747 1425 spe

76 1409 192 1442 wiirde
216 1413 283 1445 sich
310 1426 370 1447 nur
391 1418 450 1450 auf
469 1421 529 1452 den
551 1422 743 1457 Zwisehen-

76 1459 148 1486 satz
162 1467 208 1488 ex
220 1460 358 1500 -sore
372 1462 528 1496 beziehen
544 1468 686 1502 ko'nnen.
700 1489 744 1496 ·-

73 1500 172 1532 sedit.
199 1506 348 1545 weniger
365 1510 457 1540 stark
475 1511 525 1542 als
543 1513 698 1555 desectio,
714 1527 740 1548 s.

73 1554 100 1575 c.
122 1545 175 1585 26,
201 1547 231 1579 2.
253 1568 295 1572 —
318 1553 395 1584 iura
423 1555 532 1598 redd,
561 1569 588 1589 s.
617 1560 739 1594 Macer.

71 1588 143 1630 Dig.
163 1591 292 1635 XLIX,
321 1597 370 1637 16,
398 1599 448 1639 12,
474 1600 548 1642 §2²
575 1606 741 1646 offiicz'um

71 1636 284 1671 tribunorum
303 1645 356 1673 est
369 1661 413 1666 —-
429 1646 552 1679 milites
568 1651 601 1680 iu
617 1655 740 1684 castris

71 1683 251 1723 continere,
270 1703 311 1707 ——
330 1688 465 1728 vigilias
481 1694 652 1726 interdum
671 1699 738 1728 cir-

69 1728 215 1768 cumire,
236 1747 278 1751 —
301 1730 423 1764 delicta
446 1738 630 1770 secundum
653 1752 738 1774 suae

66 1774 285 1806 auctoritatis
298 1777 434 1810 modum
449 1784 630 1824 castt'gure,
644 1789 737 1827 prin-

66 1817 161 1857 cipiis
168 1818 373 1860 fiequenter
385 1825 557 1868 interesse,
572 1831 736 1870 querellas

66 1863 329 1897 commilitonum
368 1870 487 1901 audire
527 1878 590 1904 etc.
624 1893 667 1898 —
698 1879 730 1908 z'n

60 1908 223 1950 princip„
253 1911 315 1942 wie
339 1913 369 1943 in
394 1915 453 1946 der
471 1916 567 1949 stadt
588 1918 646 1951 auf
660 1922 731 1953 dem

61 1949 179 1989 forum,
199 1964 235 1985 so
254 1958 349 1988 stand
367 1968 406 1989 an
426 1961 487 1992 den
506 1964 687 2006 principiis,
703 1978 730 1998 s.

61 2005 89 2026 c.
118 1996 171 2038 25,
195 1999 224 2038 5,
248 2011 311 2031 vor
339 2003 410 2035 dem
440 2010 640 2047 praetorium
670 2012 728 2043 das

57 2041 214 2075 tribunal.
231 2063 276 2069 —
291 2048 430 2089 signum
447 2066 491 2078 =
508 2056 657 2095 tessera,
676 2058 729 2088 die

57 2084 195 2128 Parole,
225 2100 251 2122 s.
280 2102 307 2122 c.
336 2094 387 2133 14,
413 2096 443 2127 7.
467 2115 509 2119 —
534 2102 727 2142 stationem,

58 2131 231 2173 collectiv,
256 2136 310 2175 45,
330 2138 382 2177 37,
403 2140 439 2179 93
459 2145 624 2181 gewolinl.
645 2148 728 2179 wird

56 2178 221 2209 stationes
238 2181 389 2222 geleseu,
408 2187 476 2225 vgl.
496 2187 573 2220 Tac.
592 2191 675 2223 Ann.
698 2193 726 2233 1,

57 2218 115 2251 32;
132 2233 197 2254 non
216 2226 375 2259 tribunus
390 2230 480 2262 ultra
498 2251 543 2256 —
566 2237 620 2266 ius
641 2238 726 2269 obti-

54 2269 146 2297 nuit:
168 2269 302 2310 vigilias
320 2276 483 2307 stationes
500 2295 545 2300 —
560 2282 628 2322 ipsi
641 2293 724 2324 ραι·-

54 2312 239 2345 tiebantur.
253 2333 296 2338 —
309 2319 341 2347 in
359 2319 566 2359 ord.,sodass
581 2326 651 2357 eine
668 2329 724 2359 be-

53 2357 197 2389 stinunte
217 2359 429 2404 Reibenfolge
449 2371 622 2410 entstand,
641 2377 723 2404 statt

51 2401 152 2442 hatte,
172 2405 237 2443 vgl.
256 2406 309 2444 36,
328 2408 379 2447 43,
399 2410 447 2449 13,
469 2413 595 2445 iibnlicli
615 2418 646 2447 in
664 2428 720 2448 07²-

52 2447 124 2478 bem
142 2459 168 2479 c.
188 2450 241 2489 22,
264 2451 319 2489 153
343 2454 369 2491 1,
389 2455 437 2489 17,
453 2456 482 2495 6,
503 2459 564 2489 wie
578 2463 659 2492 auch
679 2473 718 2493 an

49 2501 80 2522 u.
93 2492 446 2530 St.vermutl1etwird:
462 2504 597 2535 andei-s:
614 2507 646 2537 in
662 2518 718 2538 οι·-

49 2536 143 2569 de'nes
157 2541 216 2575 z're,
235 2542 302 2572 sicli
318 2543 347 2573 in
366 2544 443 2576 Reili
460 2549 520 2578 und
538 2548 631 2581 Glied
646 2551 718 2583 auf—

48 2583 179 2623 stellen,
197 2585 245 2625 10,
262 2586 315 2627 33,
330 2588 368 2624 2;
385 2590 475 2623 Curt.
492 2595 522 2633 4,
537 2595 716 2631 49,19.—

47 2628 111 2658 vim
136 2630 234 2672 imp„
254 2642 280 2663 s.
307 2643 348 2664 zu
371 2635 423 2676 26,
446 2637 495 2679 12,
520 2639 549 2670 8.
569 2658 613 2662 —
629 2641 716 2675 dicto

865 1187 956 1214 mox
987 1178 1128 1219 famam
1158 1194 1238 1223 non
1267 1186 1495 1229 dubitabant

817 1352 904 1384 par„
923 1345 985 1376 wie
1004 1345 1091 1380 dieto
1108 1350 1301 1385 audientem
1320 1366 1404 1388 esse.

867 1388 1009 1421 12—13.
1025 1397 1138 1437 erupit
1151 1396 1180 1426 in
1196 1397 1307 1439 Bezug
1321 1399 1409 1443 auf§
1421 1403 1436 1433 7
1447 1402 1488 1441 f.;

817 1432 885 1471 vgl.
919 1434 1020 1477 App.:
1062 1436 1272 1481 ἀφίσταντο
1315 1441 1392 1477 ἀπὸ
1421 1448 1489 1480 τοῦ

817 1478 997 1521 ΝῙαρκίου
1012 1484 1071 1514 καὶ
1086 1481 1147 1527 ἐφ’
1164 1485 1302 1521 ἑαυτῶν
1314 1488 1487 1534 ἐστρατο-

815 1522 977 1557 πέδευον
1002 1545 1047 1550 -
1069 1530 1128 1560 καὶ
1158 1530 1261 1575 παρὰ
1292 1532 1486 1579 Νἱάγωνός

813 1577 908 1604 τινες
930 1566 1110 1617 ἀργύριον
1132 1577 1309 1618 φέροντες
1325 1578 1485 1616 ἔπειθον

814 1609 945 1650 αὐτοὺς
972 1615 1008 1652 ἐς
1039 1617 1102 1651 τὸν
1127 1619 1302 1664 ,Μάγωνα
1324 1628 1483 1668 μεταθέ-

814 1661 915 1690 σθαι.
935 1679 977 1683 —
996 1662 1123 1705 deinde,
1142 1666 1198 1705 ³27,
1216 1668 1270 1709 42,
1292 1669 1343 1701 13.
1362 1688 1406 1695 ·—
1424 1675 1481 1706 ob-

810 1704 898 1734 viam
916 1707 954 1735 z'.:
975 1707 1042 1738 sich
1063 1714 1363 1755 entgegenstellen,
1379 1727 1405 1748 s.
1426 1718 1481 1760 24,

811 1746 863 1786 31,
882 1749 937 1787 11;
957 1750 1036 1783 Tae.
1053 1753 1137 1786 Anu.
1155 1757 1181 1798 1,
1196 1757 1253 1788 32:
1271 1770 1331 1791 nec
1344 1761 1480 1803 legatus

810 1793 940 1825 obviam
959 1798 1038 1828 ibat.
1058 1816 1101 1821 —
1121 1805 1202 1843 post
1222 1813 1275 1845 p.,
1301 1815 1327 1835 s.
1352 1805 1404 1847 33,
1423 1808 1477 1848 28,

808 1836 845 1874 93
873 1839 937 1878 vgl.
956 1839 987 1879 2,
1007 1841 1061 1883 31,
1079 1843 1110 1875 4.
1127 1862 1171 1868 —
1188 1846 1286 1879 delat.
1304 1852 1401 1893 imp„
1421 1852 1475 1893 25,

807 1881 860 1921 37,
879 1882 913 1914 6:
939 1888 977 1916 ut
993 1904 1036 1909 —
1054 1892 1199 1922 comitiis
1214 1893 1416 1928 militaribus
1432 1915 1476 1921 —

804 1927 849 1958 ad
864 1927 901 1959 L.
918 1929 1084 1964 illarcz'um
1103 1939 1214 1968 cuncti
1228 1950 1396 1972 summam
1409 1944 1473 1974 im-

800 1975 891 2014 perii
929 1975 1128 2014 delulerz'nt;
1166 1980 1266 2014 Zon.:
1309 1981 1475 2024 ὑπάτους

804 2015 947 2054 ἑαυτοῖς
970 2024 1323 2068 κεχειροτονήκασιν.
1347 2049 1392 2056 —
1411 2032 1473 2065 Ca-

802 2061 878 2101 len.,
895 2073 954 2096 aus
974 2066 1082 2099 Cales.

849 2108 888 2139 14
903 2128 946 2132 —
964 2111 1013 2143 16.
1046 2115 1248 2160 tribuniciis,
1264 2120 1394 2160 spater,
1418 2123 1469 2154 als

801 2153 849 2183 sie
869 2155 966 2186 meist
984 2156 1094 2189 Ritter
1111 2170 1240 2201 waren,
1264 2164 1324 2195 der
1347 2167 1466 2205 goldne

799 2196 885 2238 Ring
908 2202 970 2231 und
995 2209 1155 2242 angustus
1170 2207 1295 2240 clavus.
1314 2212 1464 2252 —fasa

798 2254 879 2285 seen,
899 2245 949 2275 die
974 2244 1082 2279 fasces
1105 2251 1164 2282 mit
1189 2252 1249 2283 deu
1275 2254 1397 2288 Beilen.
1421 2276 1464 2280 -—

796 2288 947 2330 adtrect„
965 2290 1018 2331 34,
1037 2294 1066 2333 4,
1086 2293 1120 2325 3;
1145 2299 1262 2338 regias
1285 2302 1385 2332 etiam
1403 2301 1464 2334 ad-

797 2335 983 2367 trec-tamus
998 2348 1125 2378 gazan
1144 2350 1184 2372 an
1202 2353 1232 2374 u.
1254 2343 1301 2375 St.
1317 2347 1376 2377 mit
1389 2348 1461 2379 dem

795 2378 1059 2421 Nebenbegriffe‚
1079 2385 1153 2415 dass
1172 2387 1223 2418 die
1237 2386 1345 2420 fasces
1360 2392 1460 2423 durch

794 2423 845 2453 die
886 2425 1077 2468 Beriilirung
1115 2431 1247 2463 solcher
1280 2434 1459 2468 Menschen

793 2472 950 2502 entweiht
965 2483 987 2501 xx
997 2474 1108 2505 erden.
1124 2493 1168 2498 —
1182 2480 1312 2510 venitin
1327 2491 1384 2519 πμ,
1400 2482 1458 2512 da-

793 2512 844 2544 bei
879 2515 962 2547 liis-st
991 2517 1027 2548 L.
1062 2519 1232 2553 biswcilen
1266 2525 1326 2556 den
1359 2526 1457 2559 Dativ

791 2568 881 2597 weg,
912 2571 938 2591 s.
965 2560 993 2601 S,
1018 2563 1048 2600 5,
1076 2565 1134 2603 1ος
1162 2566 1215 2605 23,
1240 2570 1270 2609 5,
1294 2569 1323 2601 8.
1348 2589 1391 2594 —
1411 2572 1457 2604 ad

790 2607 886 2644 met„
914 2605 940 2644 1,
959 2606 1012 2644 33,
1032 2607 1061 2638 8.
1079 2627 1123 2632 —
1139 2614 1367 2655 praefer-rent,
1385 2618 1453 2649 sich

790 2654 968 2689 vortragen
993 2652 1129 2687 liessen.
1153 2674 1196 2679 —
1219 2660 1390 2701 vulgatam
1408 2677 1452 2690 τ-

1540 524 1578 558 11

1540 581 1579 614 12

1536 751 1590 783 13’

1531 921 1573 953 14

1526 1146 1567 1178 15
