1784 2967
673 230 801 263 LIBER
825 230 956 265 XXIX.
1006 231 1096 264 CAP.
1122 232 1153 264 7.
1180 231 1210 263 8.
1505 241 1647 267 a.u.549.

244 233 326 273 25ss

240 334 453 385 pediturus,
468 332 601 379 voluit,
617 343 743 383 neque
760 332 896 380 scalas,
915 332 1054 385 quibus
1072 331 1276 373 scanderet
1290 346 1438 381 muros,
1455 334 1644 374 attulerat.

194 398 211 428 5
241 390 401 429 sarcinis
430 390 470 427 in
495 400 673 428 acervum
701 389 883 428 coniectis
910 402 997 429 cum
1025 390 1127 429 haud
1149 390 1284 441 procul
1306 390 1428 428 muris
1451 391 1497 429 ad
1517 395 1645 430 terro-

240 459 321 485 rem
351 445 523 484 hostium
545 444 664 484 aciem
687 446 939 494 ostendisset,
962 459 1049 485 cum
1071 447 1264 497 equitibus
1285 446 1461 485 Numidis
1479 446 1645 486 circum—

240 501 382 552 equitat
408 501 561 548 urbem,
589 502 681 540 dum
709 503 833 541 scalae
859 515 1032 553 quaeque
1053 503 1123 542 alia
1144 503 1189 541 ad
1213 503 1521 554 oppugnandum
1544 515 1643 554 opus

240 562 348 596 erant
374 562 576 608 parantur,
605 558 650 596 ad
681 558 900 606 visendum,
929 571 1002 610 qua
1030 559 1197 598 maxime
1224 564 1333 610 parte
1360 559 1643 609 adgrederetur.
1674 567 1691 599 5

191 622 210 652 o
238 625 492 665 progresssus
524 614 570 653 ad
593 626 767 661 murum,
790 615 998 665 scorpione
1018 615 1106 662 icto,
1128 615 1191 666 qui
1212 615 1413 666 proximus
1437 628 1524 653 enm
1544 615 1645 654 forte

239 675 407 716 steterat,
425 670 583 709 territus
600 670 689 709 inde
700 678 777 709 tam
790 671 1012 721 periculoso
1026 683 1117 710 casu
1128 672 1299 722 receptui
1313 684 1448 710 canere
1462 684 1549 710 cum
1561 671 1645 710 ius-

198 746 204 764 A
240 728 366 772 sisset,
387 732 510 765 castra
529 727 665 777 procul
683 727 728 765 ab
745 727 820 765 ictu
835 727 899 765 teli
913 727 1139 766 communit.
1170 728 1305 767 classis
1318 728 1493 766 Romana
1506 740 1525 766 a
1541 728 1645 767 Mes-

237 795 329 822 sana
350 783 497 821 Locros
519 783 666 834 aliquot
686 783 793 821 horis
816 783 876 821 die
898 789 1103 834 superante
1123 784 1302 830 accessit3
1323 784 1488 835 expositi
1506 796 1643 822 omnes

190 849 208 877 ὅ
238 853 257 878 e
277 839 438 878 navibus
459 845 496 878 et
515 845 601 878 ante
622 851 802 878 occasum
825 839 918 877 solis
939 839 1073 878 urbem
1090 839 1255 890 ingressi
1274 847 1375 879 sunt.
1408 845 1565 890 postero
1584 840 1644 878 die

239 901 375 946 coepta
403 909 448 934 ex
475 908 562 934 arce
593 908 613 934 a
634 895 776 934 Poenis
804 908 951 946 pugna,
979 901 1015 934 et
1041 896 1232 935 Hannibal
1252 896 1327 934 iam
1351 896 1461 934 scalis
1484 896 1645 947 aliisque

239 952 420 990 omnibus
442 952 488 990 ad
510 953 840 1002 oppugnationem
861 952 1009 1003 puratis
1031 952 1183 990 subibat
1204 965 1357 997 muros,
1379 964 1465 990 cum
1486 957 1645 1003 repente

237 1009 275 1046 in
297 1021 384 1047 eum
406 1008 501 1046 nihil
523 1008 651 1048 minus
669 1021 784 1059 quam
801 1008 874 1047 tale
890 1008 1093 1059 quicquam
1111 1008 1310 1047 timentem
1328 1008 1515 1058 patefacta
1531 1013 1645 1058 porta

191 1074 209 1103 9
238 1070 447 1115 erumpunt
482 1065 660 1103 Romani.
715 1065 762 1103 ad
805 1065 992 1103 ducentos
1028 1065 1255 1115 inprovidos
1291 1076 1378 1103 cum
1414 1064 1646 1103 invasissent

239 1121 436 1167 occidunt,
459 1126 607 1159 ceteros
630 1121 836 1167 Hannibal,
858 1126 902 1159 ut
921 1121 1123 1160 consulein
1146 1121 1280 1159 adesse
1301 1120 1434 1163 sensit,
1455 1121 1495 1158 in
1517 1126 1642 1159 castra

238 1178 386 1228 recipit,
409 1177 624 1228 nuntioque
645 1178 766 1216 misso
789 1178 833 1216 ad
857 1190 936 1223 eos,
958 1177 1022 1228 qui
1040 1177 1076 1215 in
1096 1189 1181 1215 arce
1198 1182 1318 1223 erant,
1340 1176 1555 1215 ut'sibimet
1570 1176 1643 1227 ipsi

239 1234 502 1279 consulerent,
534 1239 648 1272 nocte
669 1234 786 1272 motis
810 1233 946 1272 castris
968 1233 1070 1272 abiit.
1112 1238 1149 1271 et
1170 1234 1233 1284 qui
1255 1233 1292 1271 in
1316 1245 1401 1272 arce
1422 1238 1543 1279 erant,
1566 1233 1644 1283 igni

238 1290 376 1328 iniecto
399 1289 531 1336 tectis,
560 1302 655 1340 quae
683 1290 884 1337 tenebant,
914 1294 955 1328 ut
975 1290 1007 1328 is
1029 1289 1217 1328 tumultus
1240 1290 1394 1327 hostem
1415 1294 1644 1333 moraretur,

238 1358 376 1396 agmen
397 1358 559 1384 suorum
580 1347 694 1397 fugae
715 1345 829 1385 simili
852 1358 968 1384 cursu
989 1351 1076 1384 ante
1097 1351 1251 1383 noctem
1273 1345 1443 1383 adsecuti
1465 1350 1568 1383 sunt.

185 1407 211 1445 S
352 1402 481 1453 Scipio
509 1407 551 1440 ut
578 1409 614 1441 et
641 1415 768 1441 arcem
798 1402 969 1441 relictam
996 1402 1042 1440 ab
1072 1401 1250 1440 hostibus
1273 1406 1310 1440 et
1330 1413 1446 1439 vacua
1468 1400 1560 1439 vidit
1581 1413 1642 1439 ca—

239 1464 337 1504 stra,
367 1464 525 1497 vocatos
554 1459 600 1497 ad
630 1459 850 1497 contionem
874 1458 1090 1497 Locrenses
1119 1458 1282 1508 graviter
1310 1458 1358 1496 ob
1387 1457 1644 1496 defectionem

1675 847 1715 879 10

1675 1127 1714 1159 15

170 1242 183 1272 1
191 1244 209 1271 ‹⁷›

1672 1407 1715 1439 20

239 1569 260 1611 ξ
284 1568 314 1608 3,
339 1569 406 1609 vgl.
430 1580 458 1600 c.
483 1569 513 1607 6,
540 1570 591 1608 14,
617 1570 649 1600 in
667 1569 814 1600 dieselbe
834 1569 903 1600 ein-

239 1615 351 1654 dringt
374 1615 438 1645 und
463 1615 514 1645 die
538 1614 657 1646 Rb'mer
680 1613 834 1654 angreift.
859 1633 903 1637 —

235 1659 444 1701 impeditur„
475 1669 526 1690 wo
557 1670 594 1690 er
622 1660 723 1690 durch
754 1670 794 1689 zu
817 1659 903 1690 viele

238 1704 417 1735 Menschen
462 1714 524 1735 nur
563 1705 625 1735 den
661 1703 903 1735 beschr'ankten

237 1748 339 1780 Raum
354 1749 501 1788 beengen
510 1749 622 1780 wiirde
631 1750 695 1779 und
706 1749 778 1786 (den
790 1749 904 1780 Bewe-

238 1795 379 1833 gungen)
400 1794 581 1825 hinderlich
600 1795 670 1825 sein
684 1794 803 1825 kiinne.
838 1794 903 1824 Das

238 1838 391 1870 Priidicat
404 1844 496 1880 passt
504 1837 718 1870 mehraufdie
726 1838 904 1869 Menschen

238 1884 302 1914 und
320 1884 422 1914 deren
442 1883 634 1923 Thiitigkeit
652 1884 702 1915 als
721 1884 781 1914 den
801 1883 904 1914 Raum

238 1928 354 1959 selbst.
383 1946 428 1951 ——
454 1940 560 1970 neque
593 1929 702 1960 scalas
735 1933 816 1968 etc.,
846 1929 906 1959 der

240 1972 354 2005 Grund
372 1978 454 2004 statt
468 1974 598 2014 dessen,
616 1984 686 2005 was
701 1983 816 2013 wegen
832 1973 906 2004 des-

239 2018 352 2049 selben
377 2019 563 2057 geschieht:
588 2029 692 2059 neque
715 2020 833 2050 urbem
851 2028 907 2049 ca-

236 2073 319 2105 pere
336 2064 465 2104 potuit,
489 2063 578 2104 quod
593 2064 702 2094 scalas
721 2068 784 2094 etc.
803 2081 846 2084 —
862 2062 909 2093 ad

238 2107 363 2140 visend.
382 2112 445 2138 etc.
464 2108 508 2138 ist
525 2112 629 2139 etwas
648 2109 722 2138 hart
739 2107 838 2138 durch
854 2107 905 2138 die

238 2152 482 2191 Einschiebung
501 2153 560 2183 der
578 2152 830 2191 Veranlassung
847 2152 905 2183 des

237 2199 518 2238 ciremnequitare
531 2208 595 2229 von
609 2198 731 2229 diesem
741 2201 907 2237 getrennt.

238 2260 282 2265 —-—
312 2242 529 2284 oppugnand.
566 2243 629 2273 wie
660 2241 908 2284 adgrederetur

237 2286 381 2318 absolut.

285 2331 315 2362 6.
341 2333 530 2374 scorpione,
550 2342 575 2363 s.
594 2331 647 2371 24,
667 2331 720 2370 34,
739 2332 769 2369 9,
783 2349 827 2354 ——
841 2332 906 2362 icto

240 2387 271 2407 n.
296 2386 349 2413 eo,
377 2386 403 2407 s.
428 2387 454 2407 c.
479 2376 509 2415 6,
536 2376 563 2417 6,
585 2376 650 2416 vgl.
669 2376 722 2415 22,
744 2375 794 2413 18,
814 2376 845 2407 2.
863 2394 902 2398 —

240 2432 334 2459 eum,
359 2431 386 2452 S.
405 2421 458 2459 28,
481 2421 530 2461 15,
551 2422 587 2459 9;
614 2421 668 2461 35,
687 2421 740 2460 27,
760 2421 795 2458 93
823 2420 904 2452 Sall.

239 2465 262 2497 I.
283 2466 334 2503 49,
351 2465 386 2497 ὃς
403 2466 507 2497 latere
530 2466 619 2506 quod
632 2467 830 2509 prooee'mztm
847 2466 907 2497 lao-

240 2513 309 2541 stes
325 2512 610 2542 emh—territas
623 2511 708 2551 iude,
724 2511 847 2542 diesem
862 2511 906 2541 ist

239 2565 445 2596 progressus
498 2557 775 2596 untergeordnet3
829 2555 906 2587 inde

240 2599 329 2637 giebt
346 2601 406 2630 den
422 2600 625 2632 Fortschritt
639 2611 691 2641 an,
711 2601 791 2632 oder
808 2600 906 2632 weist

241 2642 298 2673 anf
317 2644 373 2675 das
398 2644 478 2675 eben
499 2644 660 2686 Gesagte:
683 2648 748 2678 icto
766 2650 828 2678 etc.
847 2656 906 2676 zu-

975 1569 1068 1608 riick,
1087 1569 1139 1608 23,
1160 1568 1214 1610 23,
1233 1569 1264 1609 5,
1284 1568 1347 1600 soll
1366 1568 1455 1599 nieht
1470 1579 1508 1599 zu
1523 1569 1645 1600 iussis-

975 1617 1028 1645 set
1055 1624 1203 1654 gezogen
1235 1615 1371 1645 werden
1399 1628 1444 1639 x:
1471 1624 1547 1644 omn
1563 1623 1644 1655 pro-

971 1669 1119 1700 gressus
1135 1676 1179 1681 —
1195 1658 1272 1690 inde
1290 1659 1433 1690 territas
1451 1661 1541 1689 esset
1557 1660 1590 1689 et
1601 1675 1645 1680 ——

976 1705 1154 1742 iussisset,
1186 1714 1212 1734 s.
1233 1702 1286 1742 30,
1308 1703 1358 1742 17,
1377 1702 1407 1742 3,
1426 1703 1492 1742 vgl.
1510 1713 1537 1733 c.
1555 1702 1587 1742 9,
1604 1701 1643 1741 33

977 1748 1030 1790 21,
1054 1748 1107 1787 43,
1136 1749 1171 1787 13
1198 1748 1251 1788 24,
1279 1747 1329 1786 13,
1355 1747 1392 1786 73
1418 1747 1448 1787 4,
1473 1747 1526 1785 50,
1550 1746 1582 1778 2.
1601 1764 1645 1770 —

976 1795 1016 1825 ab
1048 1795 1102 1824 ἰοί.
1128 1796 1161 1835 t„
1190 1792 1384 1824 ausserhalb
1414 1793 1472 1823 der
1505 1792 1645 1823 Schuss-

977 1838 1088 1870 weite.

1024 1883 1157 1915 7—-10,
1182 1883 1309 1925 aliquot
1331 1883 1362 1913 Ιι.
1387 1882 1418 1914 d.
1438 1893 1483 1913 s.:
1508 1882 1558 1913 als
1586 1882 1646 1913 der

978 1927 1049 1967 Tag
1073 1929 1154 1959 noch
1178 1938 1230 1959 uin
1254 1928 1361 1967 einige
1380 1927 1527 1959 Stunden
1549 1925 1659 1966 iibrig'

978 1982 1058 2011 war,
1089 1973 1154 2013 vgl.
1184 1984 1211 2004 c.
1236 1972 1289 2012 25,
1311 1972 1347 2009 13
1381 1973 1441 2003 der
1469 1971 1645 2003 Ausdruck

978 2018 1032 2055 ist,
1046 2028 1141 2048 wenn
1156 2017 1245 2048 nicht
1257 2017 1309 2048 ein
1324 2016 1446 2047 Fehler
1461 2027 1500 2046 zu
1510 2016 1644 2047 Grunde

978 2063 1078 2102 liegt,
1103 2063 1186 2093 denn
1212 2063 1263 2092 die
1287 2061 1380 2092 beste
1396 2061 1473 2091 Hds.
1498 2061 1553 2091 hat
1570 2060 1644 2100 dici,

979 2107 1231 2145 ungewb‘hnlich
1250 2110 1346 2137 statt:
1365 2106 1458 2136 horis
1476 2115 1644 2148 superan-

979 2151 1351 2191 tibas,einige1·1nassen
1360 2150 1487 2181 iibnlich
1499 2149 1645 2181 istCaes.

979 2197 1015 2228 B.
1031 2195 1069 2227 G.
1089 2195 1119 2234 6,
1140 2197 1191 2234 19,
1211 2196 1246 2226 2:
1270 2198 1347 2227 uter·
1364 2205 1483 2227 eorum
1499 2196 1568 2226 vita
1584 2205 1645 2226 su-

977 2243 1120 2284 peravit.
1139 2259 1183 2263 —
1200 2241 1259 2271 Die
1278 2240 1401 2271 Punier
1421 2240 1554 2271 iniissen
1579 2250 1644 2271 von

978 2287 1068 2317 ihrer
1096 2286 1184 2325 Burg
1212 2286 1269 2316 das
1298 2285 1393 2316 Meer
1423 2285 1512 2316 nicht
1539 2284 1643 2315 haben

979 2332 1078 2362 seben
1103 2330 1244 2362 k'o'nnen.
1262 2348 1300 2352 —
1321 2330 1408 2361 m'liz'l
1428 2331 1527 2369 min„
1547 2339 1572 2360 s.
1591 2329 1644 2369 28,

979 2376 1031 2413 22,
1060 2376 1110 2407 12.
1140 2394 1184 2398 —
1201 2379 1235 2407 et
1251 2376 1316 2416 qui,
1336 2375 1367 2405 in
1386 2375 1494 2414 Bezug
1511 2372 1569 2405 auf
1582 2374 1645 2404 den

978 2421 1146 2452 schnellen
1160 2420 1276 2459 Abzug
1289 2420 1347 2451 des
1363 2419 1500 2450 Heeres.
1516 2437 1558 2441 —
1572 2429 1644 2450 mo-

977 2468 1156 2505 rarentar,
1181 2465 1280 2496 daniit
1298 2465 1347 2495 sie
1366 2464 1455 2495 nicht
1474 2462 1644 2502 vcrfolgen

977 2510 1119 2542 kb'nnen.
1155 2510 1202 2541 Da
1219 2511 1277 2541 das
1292 2508 1382 2540 Thor
1395 2509 1426 2539 in
1441 2509 1500 2539 der
1515 2507 1645 2539 Gewalt

978 2556 1037 2586 der
1055 2555 1176 2586 Ro'iner
1189 2555 1243 2595 ist,
1263 2564 1288 2585 S.
1305 2553 1326 2594 ξ
1345 2552 1374 2592 8,
1392 2563 1428 2584 so
1448 2553 1580 2584 miissen
1596 2552 1643 2583 sie

976 2610 1035 2631 aus
1054 2601 1113 2631 der
1128 2600 1214 2640 Burg
1231 2598 1442 2630 unlnittelbar
1455 2598 1643 2637 abgezogen

977 2646 1059 2677 sein.
1077 2663 1121 2668 --
1153 2654 1266 2682 cursu,
1285 2643 1465 2675 schnellem
1482 2641 1625 2674 Marsch.
