1784 2967
722 261 849 307 LIBER
869 260 990 307 Xxx.
1042 275 1134 307 CAP.
1162 275 1215 306 23.
1539 292 1564 310 a.
1577 292 1605 310 u.
1617 285 1679 312 551.

270 279 350 319 370

187 380 242 420 23
383 379 532 418 Emotis
554 377 692 416 deinde
719 377 826 416 curia
849 377 984 428 legatis
1011 377 1221 416 sententiae
1249 368 1479 428 interrogari
1506 383 1678 429 coeptae.

267 437 314 475 M.
334 435 462 474 Livius
480 434 518 473 C.
537 434 736 472 Servilium
760 434 973 481 consulem,
991 434 1057 485 qui
1074 435 1236 485 propior
1253 439 1367 481 esset,
1389 435 1678 482 arcessendum,

217 499 236 530 2
266 498 308 531 ut
336 504 466 530 coram
494 503 539 529 eo
572 491 618 528 de
652 503 745 541 pace
779 496 985 542 ageretur,
1009 492 1205 530 censebat:
1242 504 1329 530 cum
1363 491 1410 529 de
1444 503 1486 530 re
1519 491 1678 539 maiore,

265 561 379 599 quam
401 552 541 598 quanta
563 560 605 585 ea
627 552 746 592 esset,
778 547 1008 586 consultatio
1031 548 1199 587 incidere
1221 560 1300 586 non
1324 552 1480 599 posset,
1509 559 1590 586 non
1618 548 1675 586 vi—

264 604 343 643 deri
365 604 437 642 sibi
458 604 616 643 absente
639 603 843 642 consulum
866 605 984 642 altero
1007 605 1246 644 ambobusve
1267 617 1350 643 eam
1379 617 1461 647 rem
1491 604 1550 654 agi
1578 604 1672 643 satis
1701 614 1720 645 5

215 668 233 699 3
264 674 307 699 ex
329 661 512 712 dignitate
533 660 668 711 populi
689 660 856 700 Romani
878 672 981 709 esse,
1008 661 1054 708 Q.
1078 662 1270 707 Metellus,
1297 661 1361 712 qui
1389 661 1558 700 triennio
1588 665 1675 700 ante
1714 711 1718 714 ῃ

207 738 211 741 ,
264 718 401 756 consul
439 717 680 768 dictatorque
712 717 855 756 fuerat:
897 729 985 756 cum
1012 717 1054 756 P.
1087 718 1216 768 Scipio
1250 718 1444 756 caedendo
1475 717 1676 764 exercitus,

262 787 378 825 agros
400 774 625 825 populando
650 774 687 812 in
705 786 788 812 eam
806 773 1074 812 necessitatem
1090 775 1216 814 hostis
1235 774 1500 825 compulisset,
1522 779 1564 812 ut
1579 786 1674 825 sup-

212 839 233 870 4
262 831 379 881 plices
401 844 535 882 pacem
558 835 752 882 peterent,
780 835 816 869 et
836 843 952 868 nemo
976 831 1152 869 omnium
1174 831 1300 870 verius
1324 831 1556 870 existumare
1577 843 1674 881 pos-

261 892 335 935 set,
351 899 423 938 qua
443 892 571 925 mente
588 900 629 926 ea
647 900 720 938 pax
737 891 945 938 peteretur,
969 900 1084 938 quam
1105 889 1216 938 [euin]
1239 887 1303 938 qui
1321 893 1408 926 ante
1425 893 1558 938 portas
1578 887 1671 926 Car-

260 944 427 994 thaginis
450 944 591 982 bellum
614 949 773 995 gereret,
804 943 945 982 nullius
968 944 1123 982 alterius
1147 944 1309 983 consilio
1340 957 1455 995 quam
1479 943 1672 994 Scipionis

212 1011 230 1041 5
260 1001 521 1052 accipiendam
548 1001 839 1039 abnuendamve
873 1013 1006 1051 pacem
1043 1014 1142 1039 esse.
1190 1001 1237 1039 M.
1266 1000 1438 1038 Valerius
1470 1000 1671 1047 Laevinus,

261 1058 325 1107 qui
347 1058 404 1095 bis
428 1058 565 1096 consul
584 1058 719 1103 fuerat,
741 1057 1005 1108 speculatores
1027 1069 1108 1096 non
1130 1058 1277 1108 legatos
1300 1056 1454 1095 venisse
1474 1056 1667 1107 arguebat,

260 1114 527 1164 iubendosque
548 1114 652 1152 ltalia
675 1114 860 1152 excedere
880 1118 917 1151 et
938 1115 1121 1153 custodes
1145 1126 1232 1152 cum
1255 1114 1301 1152 iis
1323 1126 1448 1164 usque
1475 1113 1521 1152 ad
1553 1125 1670 1152 naves

209 1177 229 1209 6
258 1170 482 1215 mittendos,
507 1170 757 1221 Scipionique
779 1170 1048 1217 scribendum,
1071 1183 1120 1209 ne
1140 1170 1283 1209 bellum
1304 1172 1529 1209 remitteret.
1572 1170 1671 1208 Lae‘-
1725 1179 1738 1187 ’

258 1226 332 1265 lius
353 1227 589 1277 Fulviusque
611 1227 844 1271 adiecerunt,
866 1231 902 1264 et
922 1227 1144 1278 Scipionem
1166 1227 1205 1265 in
1228 1239 1273 1265 eo
1297 1227 1465 1277 positam
1488 1226 1669 1265 habuisse

259 1295 370 1333 spem
406 1283 531 1334 pacis.
569 1283 600 1322 si
628 1283 820 1322 Hannibal
857 1287 895 1321 et
921 1283 1031 1334 Mago
1068 1297 1112 1322 ex
1140 1283 1243 1322 Italia
1270 1295 1349 1322 non
1375 1287 1666 1322 revocarentur:

209 1349 226 1380 7
259 1339 389 1378 omnia
407 1340 655 1378 simulaturos
670 1339 1006 1390 Carthaginienses
1025 1340 1143 1379 duces
1162 1353 1228 1378 eos
1246 1340 1512 1390 exercitusque
1530 1352 1669 1390 exspe-

255 1396 412 1442 ctantis3
434 1396 572 1435 deinde
595 1397 771 1447 quamvis
792 1397 1004 1435 recentium
1025 1397 1227 1436 foederum
1249 1402 1286 1435 et
1307 1397 1472 1435 deorum
1490 1396 1667 1434 omnium

995 1498 1067 1528 nier
1093 1496 1272 1535 feststcllt3
1303 1497 1384 1528 nach
1408 1496 1526 1538 Polyb.
1554 1497 1612 1537 15,
1636 1496 1664 1537 8,

256 1496 341 1535 gend
354 1496 445 1526 hatte
461 1495 548 1526 nicht
561 1497 683 1536 gerade
699 1496 929 1528 dieUnkennt-

994 1543 1061 1581 vgl.
1084 1552 1112 1572 c.
1140 1542 1153 1572 1
1180 1553 1211 1573 u.
1229 1543 1266 1581 4,
1293 1543 1348 1573 hat
1367 1542 1469 1572 Senat
1486 1541 1551 1572 und
1569 1541 1664 1583 Volk,

257 1541 323 1571 niss
341 1540 486 1579 bedingt.

301 1578 370 1617 23.
400 1584 495 1616 1-2,
530 1586 662 1625 emotis,
676 1585 742 1625 vgl.
759 1585 813 1624 29,
830 1585 881 1625 10,
896 1585 927 1616 3.

256 1648 298 1652 -
315 1629 447 1669 Livius,
467 1631 533 1661 wol
551 1630 737 1670 Salinator,
757 1630 852 1662 stellt
869 1640 928 1661 zu-

255 1680 327 1706 erst
354 1676 451 1706 einen
482 1675 626 1716 Antrag,
652 1675 927 1707 walirscheinlich

255 1729 324 1751 war
349 1720 484 1761 Fabius,
514 1721 573 1751 der
602 1721 754 1762 princeps
780 1725 928 1761 senatus,

254 1767 357 1798 scbon
375 1766 456 1805 todt,
475 1776 502 1796 c.
522 1765 576 1796 26.
594 1784 638 1788 --
657 1766 690 1797 C.
705 1765 833 1805 Serrd„
852 1776 879 1796 S.
898 1776 925 1797 c.

257 1811 307 1841 19.
331 1828 375 1833 -—-
400 1821 501 1852 quam
524 1814 667 1852 quanta,
686 1822 712 1843 s.
731 1811 791 1849 29,
810 1810 864 1850 28,
882 1811 925 1849 43

256 1855 288 1891 l,
310 1855 362 1894 35,
382 1856 418 1895 73
438 1856 480 1888 ib.
500 1856 554 1895 35,
573 1857 590 1887 5
609 1867 640 1887 u.
659 1867 689 1887 a.
707 1875 751 1879 —
768 1855 924 1895 incidere,

256 1900 282 1939 1,
302 1901 355 1941 57,
372 1900 402 1932 6.
421 1918 466 1923 —-
482 1903 567 1932 satis
585 1912 640 1941 ear,
659 1902 725 1941 vgl.
742 1900 820 1932 Tac.
837 1902 922 1932 Ann.

253 1945 282 1985 2,
304 1945 362 1976 35:
379 1945 461 1977 nihil
479 1949 563 1978 .ςαίιέ
581 1947 725 1979 inlustre
742 1949 804 1978 aut
817 1957 861 1978 ea:
874 1946 924 1978 di-

248 1993 383 2032 gnitate
397 2002 431 2034 p.
447 1990 487 2023 R.
504 1993 574 2024 nisi
590 2003 705 2024 coram
720 1995 753 2024 et
764 1993 827 2023 suh
843 2001 921 2023 ocu-

251 2036 291 2067 lis
311 2035 478 2068 Caesaris.

295 2079 395 2111 3—4.
432 2081 466 2120 Q.
485 2081 575 2122 Met„
594 2092 619 2113 s.
634 2093 660 2113 c.
676 2082 728 2123 27,
747 2082 782 2119 23
798 2081 851 2121 29,
866 2081 919 2121 20,

254 2125 280 2157 1.
298 2144 341 2148 ——
359 2126 488 2166 consul,
511 2127 563 2165 28,
585 2127 640 2166 10,
659 2128 700 2158 im
718 2127 847 2165 .1.2οὕ;
867 2127 919 2158 de·-

249 2173 369 2210 Μαίων,
388 2181 415 2202 s.
434 2171 488 2209 29,
508 2172 560 2204 10.
574 2191 618 2195 —
631 2174 774 2204 triennio
790 2172 920 2204 bczieht

249 2217 316 2247 sich
335 2217 399 2247 wol
423 2216 482 2248 auf
502 2218 553 2248 die
581 2217 657 2249 Zeit
680 2218 740 2248 der
757 2218 918 2256 Dictatur,

249 2263 324 2292 zoi..
340 2280 380 2283 ——
394 2273 490 2294 nemo
504 2274 547 2301 a.,
563 2263 615 2301 24,
631 2264 662 2303 ἶ),
682 2262 783 2295 13.--
795 2264 918 2303 verius,

248 2316 274 2336 r.
294 2306 347 2345 22,
366 2306 396 2337 3.
412 2325 456 2330 —
468 2308 548 2339 null.
563 2308 629 2349 alt,
649 2308 701 2348 26,
717 2308 746 2349 S,
762 2308 799 2346 23
819 2318 918 2349 quam

247 2351 290 2381 ist
304 2353 382 2382 nach
397 2353 468 2383 dem
484 2354 632 2393 negirteu
648 2353 755 2394 alter„
773 2353 917 2383 welches

246 2395 350 2434 gleich
380 2397 424 2429 ist
451 2398 539 2430 alius
563 2400 648 2440 quis,
672 2399 733 2429 wie
752 2399 832 2429 nach
850 2409 916 2429 non

245 2441 333 2472 alius
349 2443 574 2482 cingctretem
590 2445 670 2474 doch
686 2444 812 2474 schciut
824 2443 915 2474 diese

246 2484 457 2526 Vcrbiudung
471 2489 520 2518 bvi
536 2488 690 2520 friilieren
705 2487 914 2520 Schriftstel-

246 2530 317 2575 lrrn
337 2532 404 2562 sii-li
423 2534 511 2564 nicht
525 2545 565 2564 zu
580 2534 699 2565 finden.
728 2533 814 2564 Nacli
831 2534 912 2575 App.

246 2586 271 2604 e.
289 2576 328 2604 :32
349 2577 476 2608 scliirlzt
491 2579 640 2609 wirklich
656 2579 715 2609 der
729 2580 831 2610 Senat
845 2578 914 2610 Ge-

247 2620 362 2651 sandte
387 2632 425 2651 au
446 2623 571 2663 Scipio,
596 2625 654 2654 der
679 2635 741 2655 nun
769 2628 839 2654 erst
862 2625 912 2654 [lie

248 2673 308 2692 von
334 2664 368 2695 L.
393 2676 420 2695 c.
448 2667 487 2696 10
512 2668 702 2699 crwiihutcn
730 2669 913 2708 Bedingun-

246 2716 307 2743 gen
336 2709 394 2740 init
422 2710 483 2740 den
509 2711 740 2750 Ahgesaudien
765 2714 824 2745 der
848 2714 913 2745 Pu-

995 1587 1076 1617 nach
1101 1586 1160 1617 Dio
1180 1587 1272 1617 Cass.
1297 1587 1362 1617 und
1380 1585 1503 1617 Zonar.
1528 1586 1587 1617 der
1603 1586 1665 1617 Se-

993 1636 1050 1662 nat
1064 1631 1115 1662 die
1128 1631 1524 1671 Friedensbedingungen
1539 1631 1664 1662 bereits

992 1686 1240 1716 angenommen.

1040 1722 1210 1753 5—8.1›1·s
1224 1732 1326 1759 con-9„
1341 1731 1367 1752 s.
1384 1720 1436 1762 29,
1455 1720 1506 1761 11,
1522 1720 1665 1753 3.-ιίι-

993 1766 1118 1798 bendos
1133 1767 1176 1797 ist
1185 1777 1248 1798 von
1263 1767 1334 1797 dem
1344 1776 1402 1797 aus
1412 1767 1581 1807 arguebat
1589 1766 1665 1797 wie-

991 1812 1051 1842 dcr
1066 1822 1106 1842 zu
1117 1812 1378 1843 entnehmenden
1388 1812 1556 1848 censebat,
1566 1810 1622 1853 s.§
1636 1811 1660 1852 l,

989 1857 1162 1898 abh’dngig.
1180 1876 1224 1880 —-
1237 1860 1270 1888 et
1285 1855 1434 1899 Scipion.
1448 1856 1579 1887 bezieht
1592 1857 1661 1887 sich

988 1901 1048 1933 auf
1068 1902 1299 1946 speculatores
1322 1904 1468 1934 venisse:
1493 1902 1533 1932 da
1557 1911 1661 1942 gegen

988 1947 1116 1990 Scipios
1157 1948 1360 1987 Erwartung
1399 1947 1558 1978 Hannibal
1595 1947 1661 1978 und

987 1992 1085 2033 Mago
1104 1991 1371 2031 zuriickgerufen
1390 1992 1496 2033 scien,
1516 2002 1552 2023 so
1571 1991 1659 2023 bulte

985 2039 1067 2069 auch
1091 2048 1129 2069 er
1145 2039 1203 2069 das
1223 2038 1510 2076 Friedensgesuch
1528 2047 1591 2068 nur
1606 2035 1660 2067 fiir

986 2083 1103 2114 Schein
1127 2084 1192 2114 und
1210 2082 1311 2122 Trug.
1329 2101 1372 2104 -—
1388 2084 1423 2112 in
1447 2092 1485 2113 eo
1502 2100 1543 2104 —
1562 2083 1607 2120 si,
1632 2092 1658 2113 s.

985 2128 1044 2167 29,
1071 2128 1128 2167 17,
1158 2129 1186 2159 1.
1209 2139 1274 2159 ηοη
1300 2128 1384 2158 kann
1403 2127 1484 2157 nach
1502 2127 1573 2157 dein
1592 2126 1658 2158 Zu-

985 2174 1236 2213 sammcnhange
1271 2173 1360 2204 nicht
1387 2170 1514 2210 felilen3
1546 2172 1656 2203 indess

984 2217 1108 2249 kiinnte
1126 2219 1207 2249 auch
1226 2220 1257 2249 .ςὶ
1274 2219 1405 2248 stattm'
1420 2217 1654 2248 verschrieben

984 2263 1067 2301 sein,
1082 2274 1108 2294 s.
1125 2262 1178 2300 36,
1193 2263 1246 2302 23,
1265 2263 1300 2294 6:
1315 2263 1403 2305 nifit
1418 2281 1457 2285 —
1471 2263 1608 2300 2'ubeb03
1627 2262 1653 2301 l,

983 2307 1084 2344 22‚o;
1101 2308 1130 2349 8,
1150 2308 1198 2349 10,
1216 2309 1255 2339 12
1271 2320 1301 2339 u.
1316 2318 1399 2339 a.—
1411 2309 1654 2351 exspectantis.

986 2353 1044 2384 Die
1064 2354 1138 2384 Hss.
1164 2354 1266 2385 haben
1284 2356 1486 2396 spectantis-3
1505 2353 1585 2384 aber
1601 2353 1653 2384 die

984 2397 1203 2439 Verstellung
1219 2399 1341 2430 kounte
1360 2408 1421 2429 nur
1435 2409 1471 2429 so
1485 2398 1581 2438 lange
1601 2408 1654 2429 er-

982 2449 1104 2475 wartet
1122 2445 1268 2484 werden,
1288 2444 1335 2475 bis
1355 2444 1406 2475 die
1427 2444 1534 2474 Heere
1553 2453 1655 2483 ange—

982 2489 1132 2520 konunen
1154 2491 1223 2521 sein
1243 2490 1396 2528 wiirden,
1415 2499 1441 2520 s.
1462 2488 1578 2530 Polyb.
1602 2488 1649 2528 15,

985 2534 1018 2566 1:
1043 2532 1135 2566 τοῦτ’
1159 2533 1252 2567 εἷναι.
1277 2534 1406 2575 δῆλον,
1432 2531 1480 2568 ὠς
1505 2530 1652 2574 Ἀννίβᾳ

982 2577 1212 2615 veneto-ossas·
1249 2598 1294 2602 —
1333 2579 1446 2609 ταῦτα
1485 2578 1648 2620 τολμῶσι
1707 2596 1710 2598 -

981 2627 1123 2663 ποιεῖνς
1149 2630 1244 2656 sonst
1267 2625 1390 2655 ko'nnte
1414 2625 1568 2667 spectare
1591 2621 1649 2653 bc-
1706 2640 1708 2642 ν

1506 2668 1647 2698 darnaclz
1693 2670 1695 2672 ’

979 2715 1178 2756 hinsehend,
1217 2715 1254 2755 ἶ),
1293 2714 1352 2755 21,
1393 2715 1433 2754 5,
1471 2713 1553 2744 oder
1586 2722 1646 2744 an·
1704 2708 1732 2759 ἓν,

980 2670 1115 2701 deuteri:
1151 2671 1227 2709 (init
1265 2670 1459 2710 Spannung)
