1784 2967
103 826 141 857 10

102 1111 140 1143 15

97 1392 138 1424 20

104 1519 106 1522 >
166 1502 270 1535 ratus
305 1496 539 1535 audirentur.

174 231 200 248 a.
215 223 267 248 cn.
284 223 344 247 212.
644 211 772 244 LIBER
790 211 900 244 XXV.
937 212 1030 245 CAP.
1050 213 1103 246 26.

1496 215 1575 254 167

171 314 349 354 milconis
378 318 421 352 ut
446 315 546 353 ultro
575 313 744 363 undique
765 319 1082 363 oppugnarentur
1103 315 1266 354 Romani
1286 315 1388 354 fecit.
1428 327 1517 354 nam
1539 321 1577 355 et
1604 328 1625 359 4

170 371 425 422 Hippocrates
461 370 594 409 castris
632 369 676 408 ad
713 381 895 418 magnum
925 376 1080 420 portum
1110 372 1358 410 communitis
1386 371 1577 422 signoque

170 427 218 466 iis
249 427 357 473 dato,
394 427 458 477 qui
487 425 743 466 Achradinam
770 425 970 471 tenebant,
1007 432 1129 466 castra
1158 435 1281 466 vetera
1308 428 1575 466 Romanorum

170 483 329 522 adortus
352 489 427 529 est,
460 483 599 533 quibus
621 481 821 531 Crispinus
843 487 1032 532 praeerat,
1062 488 1097 520 et
1118 484 1306 534 Epicydes
1331 485 1576 535 eruptionem

170 540 209 578 in
231 540 417 579 stationes
439 539 603 578 Marcelli
621 538 729 583 fecit,
753 543 789 576 et
810 538 942 576 classis
966 538 1108 576 Punica
1128 539 1241 584 litori,
1264 541 1366 591 quod
1388 541 1488 579 inter
1509 553 1576 579 ur-

169 596 258 634 bem
281 602 317 634 et
334 600 456 634 castra
478 596 651 634 Romana
672 598 765 640 erat,
788 594 946 645 adpulsa
969 600 1038 639 est,
1063 607 1111 633 ne
1133 595 1222 645 quid
1246 597 1409 646 praesidi
1427 597 1575 648 Crispi-

169 664 220 691 no
244 651 415 690 submitti
437 664 457 690 a
478 651 654 690 Marcello
678 655 823 701 posset.
864 651 1073 690 tumultum
1094 656 1222 689 tamen
1240 653 1423 690 maiorem
1443 654 1574 692 hostes

169 708 428 760 praebuerunt
448 720 562 758 quam
585 715 790 745 certamen.
832 719 922 745 nam
945 712 981 746 et
998 707 1197 758 Crispinus
1215 707 1474 758 Hippocraten
1495 721 1576 748 non

169 765 338 816 reppulit
362 770 511 803 tantum
541 763 791 802 munimentis
820 764 885 802 sed
910 764 1107 802 insecutus
1131 764 1242 802 etiam
1266 771 1325 803 est
1344 764 1492 814 trepide
1512 766 1574 804 fu-

170 821 347 871 gientem,
370 826 407 859 et
423 820 618 871 Epicyden
635 820 832 858 Marcellus
853 820 890 858 in
913 820 1049 858 urbem
1073 821 1269 871 compulit.
1312 821 1480 871 satisque
1502 821 1575 859 iam

169 877 281 916 etiam
317 876 357 915 in
386 882 588 927 posterum
618 876 816 914 videbatur
841 876 1059 927 provisum,
1097 889 1144 914 ne
1173 877 1262 928 quid
1291 877 1337 915 ah
1363 878 1575 928 repentinis

168 946 303 972 eorum
339 933 632 972 excursionibus
669 932 828 983 periculi
863 933 975 971 foret.
1024 933 1186 971 accessit
1220 940 1256 971 et
1283 934 1329 972 ab
1360 933 1572 983 pestilentia

169 1002 377 1029 commune
412 990 573 1035 malum,
614 990 716 1040 quod
746 989 854 1027 facile
880 994 1135 1040 utrorumque
1162 990 1314 1028 animos
1343 995 1532 1028 averteret
1558 1003 1578 1028 a

168 1046 255 1085 belli
284 1046 467 1084 consiliis.
509 1058 598 1083 nam
628 1052 803 1095 tempore
833 1046 1005 1083 autumni
1033 1051 1070 1084 et
1096 1045 1192 1083 locis
1221 1051 1357 1083 natura
1386 1046 1577 1096 gravibus,

170 1103 291 1141 multo
319 1108 447 1140 tamen
476 1102 597 1153 magis
625 1107 728 1140 extra
756 1101 890 1140 urbem
918 1114 1032 1152 quam
1061 1102 1099 1139 in
1121 1101 1230 1147 urhe,
1260 1102 1498 1140 intoleranda
1521 1102 1576 1141 vis

169 1164 297 1197 aestus
322 1171 390 1209 per
410 1163 570 1209 utraque
593 1163 716 1196 castra
738 1157 912 1195 omnium
933 1158 1055 1196 ferme
1077 1169 1240 1208 corpora
1263 1158 1393 1196 movit.
1435 1171 1478 1196 ac
1493 1159 1575 1208 pri-

168 1228 233 1253 mo
260 1215 449 1265 temporis
478 1227 522 1252 ac
547 1214 621 1252 loci
648 1214 736 1252 vitio
759 1219 796 1252 et
816 1213 916 1263 aegri
939 1219 1046 1251 erant
1068 1220 1103 1251 et
1125 1214 1406 1261 moriebantur,
1437 1219 1575 1265 postea

169 1272 313 1309 curatio
342 1272 424 1321 ipsa
445 1276 482 1308 et
503 1276 701 1308 contactus
724 1282 929 1319 aegrorum
950 1270 1128 1320 volgabat
1149 1270 1330 1318 morbos,
1358 1276 1400 1309 ut
1420 1276 1485 1309 aut
1505 1283 1575 1309 ne-

168 1327 278 1377 glecti
308 1327 523 1377 desertique
550 1326 613 1377 qui
641 1326 869 1364 incidissent
896 1332 1156 1372 morerentur,
1184 1332 1248 1365 aut
1275 1327 1483 1366 adsidentis
1507 1339 1573 1365 cu-

167 1383 366 1434 rantisque
383 1384 516 1422 eadem
534 1383 568 1420 vi
585 1383 711 1421 morbi
735 1383 902 1433 repletos
928 1396 1058 1421 secum
1082 1384 1285 1430 traherent,
1309 1383 1576 1434 cotidianaque

165 1440 301 1478 funera
329 1446 366 1478 et
393 1452 502 1478 mors
526 1439 574 1477 ob
597 1439 732 1478 oculos
756 1445 876 1486 esset,
903 1444 940 1478 et
960 1440 1128 1490 undique
1151 1440 1231 1478 dies
1254 1446 1467 1490 noctesque
1488 1441 1574 1490 plo-

595 1501 794 1546 postremo
829 1496 880 1534 ita
912 1496 1165 1535 adsuetudine
1197 1496 1288 1534 mali
1325 1497 1574 1535 efferaverant

211 1596 310 1629 4-6,
343 1607 505 1638 magnum
528 1607 560 1640 p.
585 1596 625 1627 im
646 1595 835 1635 Gegensatz
909 1597 947 1635 2,
977 1596 1030 1637 37,
1059 1596 1118 1636 23,
1144 1596 1353 1628 2.—extra
1383 1608 1428 1636 ιι.,
1460 1597 1490 1627 in
1520 1597 1579 1627 der

168 1652 209 1673 zu
227 1642 298 1673 dem
317 1646 432 1683 portus
450 1641 590 1673 Laccius
615 1651 655 1672 an
674 1642 733 1672 der
758 1640 835 1672 Ost—

168 1687 252 1718 seite
270 1687 329 1717 der
345 1686 449 1727 Insel,
473 1687 597 1718 welche
617 1687 676 1717 den
696 1696 837 1725 grossen

168 1730 271 1762 Hafen
291 1732 408 1762 o'stlich
436 1732 498 1762 und
523 1731 647 1762 siidlicli
666 1731 837 1771 begrenzt.

168 1794 212 1798 -—
228 1779 349 1814 tetera,
369 1786 395 1807 s.
416 1775 468 1815 24,
487 1775 540 1815 33,
559 1775 590 1807 3.
618 1776 726 1819 Crisp
743 1787 775 1819 p.
796 1776 837 1807 ib.

171 1820 223 1851 39.
240 1839 284 1843 -
307 1822 394 1853 ι’·ηίει
411 1832 443 1852 ιι.
468 1825 549 1860 etc„
578 1821 649 1851 also
673 1821 838 1851 zwischen

171 1865 366 1903 Achradina,
386 1865 542 1907 Neapolis
556 1866 620 1896 und
637 1866 708 1896 deni
724 1865 839 1907 013111-

170 1911 268 1952 pium.
287 1929 332 1932 —
348 1911 455 1949 litori,
475 1910 561 1941 Vell.
582 1910 613 1949 2,
641 1910 717 1941 107:
743 1912 839 1953 ripae

169 1974 207 1977 —
225 1955 459 1998 He'ppocraten,
479 1966 504 1986 s.
519 1955 572 1995 24,
588 1955 640 1993 31,
656 1955 686 1986 2.
705 1974 745 1977 —
760 1966 838 1986 ma—

169 2001 339 2039 uz'mentiS,
358 2001 425 2040 vgl.
445 2011 472 2031 c.
493 2002 522 2042 9,
541 2001 577 2038 7,
598 2000 650 2041 21,
669 1999 721 2038 32,
741 2000 775 2031 4:
796 2000 841 2032 ad

167 2045 356 2088 pellendam
369 2046 527 2088 Hispania
537 2045 840 2077 Hasdrubalem.—

167 2092 235 2122 iam
253 2092 308 2122 eti.
329 2090 379 2131 33,
398 2090 451 2128 39,
470 2091 500 2121 7.

217 2135 314 2166 7—9.
338 2137 379 2167 ab
396 2138 501 2179 ρει-1.,
519 2135 711 2167 veranlasst
728 2136 840 2177 durch,

170 2180 202 2211 iu
222 2179 334 2221 Folge,
354 2191 380 2211 s.
401 2180 454 2217 43,
478 2181 526 2221 13,
547 2181 579 2211 1:
598 2181 638 2212 ab
653 2180 765 2212 eadem
783 2191 840 2212 ne-

169 2224 342 2266 glegentia
357 2243 400 2247 -—
427 2236 532 2267 neque
553 2228 709 2257 nuntiari
729 2225 843 2269 prodi-

168 2271 229 2311 gia
246 2274 328 2308 etc.;
349 2269 400 2309 30,
420 2269 449 2309 6,
472 2270 504 2300 1:
528 2272 568 2302 ab
587 2271 700 2302 eodem
725 2281 843 2303 errore

172 2314 327 2350 credere‚·
350 2315 416 2354 vgl.
435 2315 466 2352 4,
486 2314 543 2354 32,
565 2315 616 2347 10.
658 2319 691 2347 et
707 2316 839 2347 verbin-

171 2360 228 2391 det
244 2360 305 2390 den
327 2358 503 2390 Gedanken
522 2360 580 2391 mit
592 2372 634 2392 ne
648 2360 841 2402 qaid—fo-

171 2407 240 2441 ret,
275 2405 380 2435 worin
407 2405 505 2444 liegt,
536 2405 611 2436 dass
643 2406 694 2436 die
718 2405 840 2437 Punier

174 2450 280 2480 nichts
299 2450 547 2489 unternehmen,
562 2450 613 2481 die
632 2450 754 2481 Ramer
771 2451 840 2482 sich

174 2495 269 2534 ruliig
286 2495 459 2525 νει-11111161]
476 2494 613 2526 klinnen.
630 2514 675 2518 —
692 2505 842 2528 commu-

173 2550 224 2579 ne,
244 2540 384 2571 welches
402 2540 496 2570 beide
515 2539 630 2571 Theile
645 2540 674 2571 in
694 2541 842 2581 gleicher

175 2583 290 2615 &Veise
309 2583 385 2615 traf.
404 2603 447 2607 -—
463 2584 584 2625 facile,
615 2585 768 2625 beinahe,
788 2586 841 2625 24,

174 2628 224 2670 36,
245 2630 275 2660 7.
288 2647 329 2651 -
350 2632 500 2673 tempore
514 2640 583 2672 gr„
602 2640 628 2661 s.
647 2629 668 2672 ξ
686 2630 742 2670 13,
763 2630 790 2673 3,
811 2632 842 2672 6,

909 1640 1151 1683 Sumpfgegend
1171 1652 1221 1673 am
1239 1642 1389 1683 Anapus,
1420 1641 1578 1672 wiihrend

910 1687 962 1718 die
973 1687 1079 1727 stadt,
1099 1687 1280 1718 besonders
1290 1686 1460 1729 Epipolae,
1476 1687 1579 1717 lio'her

910 1732 980 1772 lag,
1017 1731 1078 1770 24,
1103 1732 1159 1772 34,
1179 1732 1210 1762 4.
1236 1751 1279 1754 -
1303 1733 1422 1768 ruerit,
1458 1731 1577 1762 wirkte

912 1777 1144 1816 (nachtheilig)
1174 1777 1236 1816 ein,
1267 1787 1294 1807 s.
1318 1777 1372 1814 21,
1403 1776 1455 1815 39,
1481 1776 1512 1807 2.
1534 1794 1578 1799 -—

910 1823 991 1853 vitio
1010 1821 1239 1852 verder-bliche
1254 1821 1579 1852 Beschalfenheit.—

910 1869 1095 1905 contactus,
1116 1866 1144 1905 3,
1161 1866 1190 1907 6,
1203 1865 1237 1897 3:
1256 1868 1423 1907 contagio.
1438 1884 1481 1888 —
1497 1868 1580 1897 inci·

911 1912 1043 1943 dissent
1059 1923 1088 1942 n.
1108 1914 1139 1942 ιή
1158 1913 1323 1943 morbum.
1341 1930 1385 1933 ——
1401 1910 1578 1948 adsident„

913 1957 1038 1987 Besucli
1062 1957 1125 1987 und
1150 1956 1258 1996 Ptlege
1278 1958 1336 1987 der
1353 1955 1528 1994 liranken,
1552 1966 1579 1988 s.

912 2001 943 2040 9,
973 2000 1026 2039 46,
1054 2001 1090 2039 9,
1113 2001 1166 2040 21,
1184 2001 1236 2039 53,
1252 2001 1288 2032 b':
1306 2001 1462 2033 adsidens
1475 2011 1580 2042 aegro

912 2047 1075 2087 collegae;
1099 2047 1137 2077 da
1156 2046 1208 2077 die
1229 2046 1303 2077 Hss.
1328 2046 1505 2077 insidentis
1522 2046 1579 2077 ha-

913 2092 993 2130 ben,
1018 2092 1062 2122 ist
1079 2091 1168 2122 viell.
1188 2095 1292 2122 etwas
1310 2089 1581 2131 ausgefallen.——

912 2138 1072 2177 curantis,
1092 2147 1117 2167 s.
1138 2147 1166 2167 c.
1184 2136 1237 2175 24,
1261 2136 1300 2167 12
1318 2137 1369 2167 die
1387 2136 1530 2175 Aerzte,
1549 2136 1580 2175 5,

913 2181 942 2221 3,
962 2181 998 2220 6,
1024 2182 1106 2212 iiber
1136 2182 1193 2212 das
1224 2182 1338 2224 partic.
1364 2179 1467 2222 lii-,aes
1489 2180 1520 2210 4.
1537 2196 1581 2201 ——-

913 2227 985 2258 ead.
1005 2229 1037 2258 υἱ
1051 2237 1120 2278 rep.
1116 2251 1133 2268 .,
1151 2227 1361 2265 angesteekt,
1382 2236 1408 2256 s.
1432 2224 1581 2265 Thucyd.

914 2272 945 2311 2,
964 2271 1018 2311 51,
1037 2271 1072 2302 2:
1093 2269 1215 2314 ἕτεοος
1232 2268 1286 2323 riq
1320 2270 1444 2311 ἑῑεωου
1468 2273 1580 2311 θερα-

914 2318 1023 2351 πείας
1037 2313 1333 2360 αιαπιμπὶαμει
1337 2315 1582 2355 01,iibe1haupt

915 2362 1043 2393 scheint
1060 2362 1096 2393 L.
1115 2363 1166 2392 die
1182 2361 1398 2399 Schildeiung
1416 2360 1472 2390 des
1490 2358 1583 2390 Thu-

913 2407 1047 2449 cydides
1067 2407 1280 2445 nacligealnnt
1307 2415 1347 2435 zu
1365 2404 1578 2444 habe11,vgl.

913 2452 972 2484 Sil.
1005 2451 1043 2482 lt.
1072 2452 1127 2487 14,
1147 2428 1211 2481 582
1222 2451 1252 2481 ff.
1276 2468 1321 2471 —
1338 2429 1579 2490 colz'clz'miaque,

913 2498 979 2528 und
998 2506 1045 2536 so,
1063 2497 1092 2527 in
1112 2496 1215 2535 Folge
1233 2496 1350 2526 davon.

963 2541 1104 2572 10—11.
1152 2541 1381 2581 efferaverant
1412 2538 1580 2576 transitiv,

915 2587 978 2617 wie
996 2584 1160 2617 mehrfacli
1179 2585 1230 2615 bei
1248 2584 1296 2624 L.,
1316 2595 1342 2615 s.
1358 2583 1410 2624 23,
1421 2584 1450 2625 5,
1473 2583 1530 2622 123
1549 2583 1582 2624 2,

916 2631 969 2672 23,
988 2631 1025 2670 4,
1045 2631 1075 2671 5,
1100 2630 1152 2670 33,
1175 2629 1231 2667 113
1257 2629 1325 2669 vgl.
1355 2629 1383 2669 1,
1410 2629 1462 2670 19,
1484 2628 1515 2660 2.
1537 2646 1582 2652 —

1608 1508 1647 1540 10
