<?xml version="1.0" encoding="UTF-8"?>
<!DOCTYPE html PUBLIC "-//W3C//DTD XHTML 1.0 Transitional//EN"
    "http://www.w3.org/TR/xhtml1/DTD/xhtml1-transitional.dtd">
<html xmlns="http://www.w3.org/1999/xhtml" xml:lang="en" lang="en">
 <head>
  <title>
</title>
<meta http-equiv="Content-Type" content="text/html;charset=utf-8" />
  <meta name='ocr-system' content='tesseract 3.04.00' />
  <meta name='ocr-capabilities' content='ocr_page ocr_carea ocr_par ocr_line ocrx_word'/>
</head>
<body>
  <div class='ocr_page' id='page_1' title='image "./aburbeconditalib0506livyuoft_0574.png"; bbox 0 0 1784 2967; ppageno 0'>
   <div class='ocr_carea' id='block_1_1' title="bbox 191 208 268 249">
    <p class='ocr_par' dir='ltr' id='par_1_1' title="bbox 191 208 268 249">
     <span class='ocr_line' id='line_1_1' title="bbox 191 208 268 249; baseline 0.013 -1"><span class='ocrx_word' id='word_1_1' title='bbox 191 208 268 249; x_wconf 82' lang='lat'>188</span> 
     </span>
    </p>
   </div>
   <div class='ocr_carea' id='block_1_2' title="bbox 631 205 1150 239">
    <p class='ocr_par' dir='ltr' id='par_1_2' title="bbox 631 205 1150 239">
     <span class='ocr_line' id='line_1_2' title="bbox 631 205 1150 239; baseline 0.002 -1"><span class='ocrx_word' id='word_1_2' title='bbox 631 205 758 238; x_wconf 80' lang='lat' dir='ltr'>LIBER</span> <span class='ocrx_word' id='word_1_3' title='bbox 782 205 937 239; x_wconf 88' lang='lat' dir='ltr'><strong>XXVIII.</strong></span> <span class='ocrx_word' id='word_1_4' title='bbox 976 207 1068 239; x_wconf 87' lang='lat' dir='ltr'><strong>CAP.</strong></span> <span class='ocrx_word' id='word_1_5' title='bbox 1095 206 1150 239; x_wconf 87' lang='grc'>27.</span> 
     </span>
    </p>
   </div>
   <div class='ocr_carea' id='block_1_3' title="bbox 1445 217 1592 244">
    <p class='ocr_par' dir='ltr' id='par_1_3' title="bbox 1445 217 1592 244">
     <span class='ocr_line' id='line_1_3' title="bbox 1445 217 1592 244; baseline 0.007 -1"><span class='ocrx_word' id='word_1_6' title='bbox 1445 225 1472 243; x_wconf 76' lang='grc' dir='ltr'>ιι.</span> <span class='ocrx_word' id='word_1_7' title='bbox 1486 224 1515 243; x_wconf 85' lang='grc' dir='ltr'>ιι.</span> <span class='ocrx_word' id='word_1_8' title='bbox 1530 217 1592 244; x_wconf 81' lang='grc'>548.</span> 
     </span>
    </p>
   </div>
   <div class='ocr_carea' id='block_1_4' title="bbox 135 309 1595 757">
    <p class='ocr_par' dir='ltr' id='par_1_4' title="bbox 135 309 1595 757">
     <span class='ocr_line' id='line_1_4' title="bbox 184 309 1594 360; baseline 0.001 -11"><span class='ocrx_word' id='word_1_9' title='bbox 184 310 276 349; x_wconf 85' lang='lat' dir='ltr'>tiam</span> <span class='ocrx_word' id='word_1_10' title='bbox 298 322 402 349; x_wconf 89' lang='lat' dir='ltr'>esse:</span> <span class='ocrx_word' id='word_1_11' title='bbox 431 309 593 348; x_wconf 83' lang='lat' dir='ltr'>libenter</span> <span class='ocrx_word' id='word_1_12' title='bbox 622 309 777 348; x_wconf 83' lang='lat' dir='ltr'>credam</span> <span class='ocrx_word' id='word_1_13' title='bbox 804 309 1045 360; x_wconf 82' lang='lat' dir='ltr'><strong>negantibus.</strong></span> <span class='ocrx_word' id='word_1_14' title='bbox 1087 321 1159 348; x_wconf 85' lang='lat' dir='ltr'>nec</span> <span class='ocrx_word' id='word_1_15' title='bbox 1179 309 1282 348; x_wconf 91' lang='lat' dir='ltr'>enim</span> <span class='ocrx_word' id='word_1_16' title='bbox 1305 322 1347 348; x_wconf 88' lang='lat' dir='ltr'>ea</span> <span class='ocrx_word' id='word_1_17' title='bbox 1369 315 1462 350; x_wconf 88' lang='lat' dir='ltr'>sunt</span> <span class='ocrx_word' id='word_1_18' title='bbox 1483 324 1594 350; x_wconf 89' lang='lat' dir='ltr'>com-</span> 
     </span>
     <span class='ocr_line' id='line_1_5' title="bbox 185 365 1592 417; baseline 0.001 -11"><span class='ocrx_word' id='word_1_19' title='bbox 185 368 316 414; x_wconf 87' lang='lat' dir='ltr'>missa,</span> <span class='ocrx_word' id='word_1_20' title='bbox 338 379 434 417; x_wconf 90' lang='lat' dir='ltr'>quae</span> <span class='ocrx_word' id='word_1_21' title='bbox 455 366 601 417; x_wconf 87' lang='lat' dir='ltr'>vulgata</span> <span class='ocrx_word' id='word_1_22' title='bbox 621 365 661 404; x_wconf 89' lang='lat' dir='ltr'>in</span> <span class='ocrx_word' id='word_1_23' title='bbox 684 378 840 405; x_wconf 89' lang='lat' dir='ltr'>omnem</span> <span class='ocrx_word' id='word_1_24' title='bbox 861 366 1068 406; x_wconf 88' lang='lat' dir='ltr'>exercitum</span> <span class='ocrx_word' id='word_1_25' title='bbox 1091 367 1176 404; x_wconf 89' lang='lat' dir='ltr'>sine</span> <span class='ocrx_word' id='word_1_26' title='bbox 1196 365 1358 417; x_wconf 84' lang='lat' dir='ltr'><strong>piaculis</strong></span> <span class='ocrx_word' id='word_1_27' title='bbox 1373 366 1592 417; x_wconf 83' lang='lat' dir='ltr'>ingentibus</span> 
     </span>
     <span class='ocr_line' id='line_1_6' title="bbox 137 422 1593 474; baseline 0.001 -12"><span class='ocrx_word' id='word_1_28' title='bbox 137 430 155 461; x_wconf 86' lang='lat'>7</span> <span class='ocrx_word' id='word_1_29' title='bbox 186 423 329 474; x_wconf 88' lang='lat' dir='ltr'>expiari</span> <span class='ocrx_word' id='word_1_30' title='bbox 357 422 524 473; x_wconf 87' lang='lat' dir='ltr'>possint.</span> <span class='ocrx_word' id='word_1_31' title='bbox 571 422 714 461; x_wconf 86' lang='lat' dir='ltr'>invitus</span> <span class='ocrx_word' id='word_1_32' title='bbox 742 435 785 461; x_wconf 89' lang='lat' dir='ltr'>ea</span> <span class='ocrx_word' id='word_1_33' title='bbox 813 428 1010 474; x_wconf 80' lang='lat' dir='ltr'><strong>tamquam</strong></span> <span class='ocrx_word' id='word_1_34' title='bbox 1037 423 1193 462; x_wconf 88' lang='lat' dir='ltr'>vulnera</span> <span class='ocrx_word' id='word_1_35' title='bbox 1223 423 1385 474; x_wconf 83' lang='lat' dir='ltr'>attingo,</span> <span class='ocrx_word' id='word_1_36' title='bbox 1423 424 1490 462; x_wconf 91' lang='lat' dir='ltr'>sed</span> <span class='ocrx_word' id='word_1_37' title='bbox 1517 424 1593 464; x_wconf 85' lang='lat' dir='ltr'>nisi</span> 
     </span>
     <span class='ocr_line' id='line_1_7' title="bbox 137 479 1595 531; baseline 0.001 -12"><span class='ocrx_word' id='word_1_38' title='bbox 137 486 156 519; x_wconf 86' lang='lat'><em>8</em></span> <span class='ocrx_word' id='word_1_39' title='bbox 188 485 285 518; x_wconf 82' lang='lat' dir='ltr'>tacta</span> <span class='ocrx_word' id='word_1_40' title='bbox 311 483 549 529; x_wconf 81' lang='lat' dir='ltr'>tractataque</span> <span class='ocrx_word' id='word_1_41' title='bbox 575 479 703 518; x_wconf 90' lang='lat' dir='ltr'>sanari</span> <span class='ocrx_word' id='word_1_42' title='bbox 729 490 810 518; x_wconf 90' lang='lat' dir='ltr'>non</span> <span class='ocrx_word' id='word_1_43' title='bbox 837 485 1017 530; x_wconf 83' lang='lat' dir='ltr'>possunt.</span> <span class='ocrx_word' id='word_1_44' title='bbox 1056 479 1233 530; x_wconf 82' lang='lat' dir='ltr'>equidem</span> <span class='ocrx_word' id='word_1_45' title='bbox 1260 479 1386 530; x_wconf 86' lang='lat' dir='ltr'>pulsis</span> <span class='ocrx_word' id='word_1_46' title='bbox 1407 479 1595 531; x_wconf 83' lang='lat' dir='ltr'>Hispania</span> 
     </span>
     <span class='ocr_line' id='line_1_8' title="bbox 185 535 1591 586; baseline 0.001 -12"><span class='ocrx_word' id='word_1_47' title='bbox 185 535 562 586; x_wconf 81' lang='lat' dir='ltr'>Carthaginiensibus</span> <span class='ocrx_word' id='word_1_48' title='bbox 585 536 712 574; x_wconf 91' lang='lat' dir='ltr'>nullos</span> <span class='ocrx_word' id='word_1_49' title='bbox 736 536 916 574; x_wconf 88' lang='lat' dir='ltr'>homines</span> <span class='ocrx_word' id='word_1_50' title='bbox 941 536 1144 575; x_wconf 83' lang='lat' dir='ltr'>credebam</span> <span class='ocrx_word' id='word_1_51' title='bbox 1167 548 1266 583; x_wconf 89' lang='lat' dir='ltr'>esse,</span> <span class='ocrx_word' id='word_1_52' title='bbox 1288 535 1354 575; x_wconf 92' lang='lat' dir='ltr'>ubi</span> <span class='ocrx_word' id='word_1_53' title='bbox 1375 537 1447 575; x_wconf 86' lang='lat' dir='ltr'>vita</span> <span class='ocrx_word' id='word_1_54' title='bbox 1463 539 1591 576; x_wconf 79' lang='lat' dir='ltr'>invisa</span> 
     </span>
     <span class='ocr_line' id='line_1_9' title="bbox 184 592 1593 643; baseline 0.001 -13"><span class='ocrx_word' id='word_1_55' title='bbox 184 598 287 631; x_wconf 87' lang='lat' dir='ltr'>esset</span> <span class='ocrx_word' id='word_1_56' title='bbox 302 605 404 638; x_wconf 77' lang='lat' dir='ltr'>mea3</span> <span class='ocrx_word' id='word_1_57' title='bbox 423 592 478 631; x_wconf 85' lang='lat' dir='ltr'>sic</span> <span class='ocrx_word' id='word_1_58' title='bbox 494 605 556 630; x_wconf 90' lang='lat' dir='ltr'>me</span> <span class='ocrx_word' id='word_1_59' title='bbox 572 604 652 631; x_wconf 91' lang='lat' dir='ltr'>non</span> <span class='ocrx_word' id='word_1_60' title='bbox 669 592 798 631; x_wconf 89' lang='lat' dir='ltr'>solum</span> <span class='ocrx_word' id='word_1_61' title='bbox 816 593 999 632; x_wconf 88' lang='lat' dir='ltr'>adversus</span> <span class='ocrx_word' id='word_1_62' title='bbox 1017 593 1145 632; x_wconf 90' lang='lat' dir='ltr'>socios</span> <span class='ocrx_word' id='word_1_63' title='bbox 1163 605 1374 643; x_wconf 76' lang='lat' dir='ltr'>gesseram,</span> <span class='ocrx_word' id='word_1_64' title='bbox 1393 594 1460 632; x_wconf 83' lang='lat' dir='ltr'>sed</span> <span class='ocrx_word' id='word_1_65' title='bbox 1478 593 1593 635; x_wconf 87' lang='lat' dir='ltr'>etiam</span> 
     </span>
     <span class='ocr_line' id='line_1_10' title="bbox 135 648 1594 701; baseline 0.001 -14"><span class='ocrx_word' id='word_1_66' title='bbox 135 656 154 688; x_wconf 87' lang='lat'>9</span> <span class='ocrx_word' id='word_1_67' title='bbox 183 650 367 688; x_wconf 86' lang='lat' dir='ltr'>adversus</span> <span class='ocrx_word' id='word_1_68' title='bbox 384 648 529 687; x_wconf 88' lang='lat' dir='ltr'>hostis:</span> <span class='ocrx_word' id='word_1_69' title='bbox 554 649 592 687; x_wconf 90' lang='lat' dir='ltr'>in</span> <span class='ocrx_word' id='word_1_70' title='bbox 609 649 746 688; x_wconf 86' lang='lat' dir='ltr'>castris</span> <span class='ocrx_word' id='word_1_71' title='bbox 765 661 813 687; x_wconf 88' lang='lat' dir='ltr'>en</span> <span class='ocrx_word' id='word_1_72' title='bbox 830 649 926 687; x_wconf 89' lang='lat' dir='ltr'>meis</span> <span class='ocrx_word' id='word_1_73' title='bbox 945 672 998 677; x_wconf 88' lang='lat'>——</span> <span class='ocrx_word' id='word_1_74' title='bbox 1016 654 1202 701; x_wconf 86' lang='lat' dir='ltr'>quantum</span> <span class='ocrx_word' id='word_1_75' title='bbox 1221 649 1354 700; x_wconf 89' lang='lat' dir='ltr'>opinio</span> <span class='ocrx_word' id='word_1_76' title='bbox 1371 648 1520 688; x_wconf 85' lang='lat' dir='ltr'>fefellit!</span> <span class='ocrx_word' id='word_1_77' title='bbox 1539 673 1594 678; x_wconf 88' lang='lat'>——</span> 
     </span>
     <span class='ocr_line' id='line_1_11' title="bbox 181 705 1593 757; baseline 0.001 -14"><span class='ocrx_word' id='word_1_78' title='bbox 181 705 284 744; x_wconf 84' lang='lat' dir='ltr'>fama</span> <span class='ocrx_word' id='word_1_79' title='bbox 313 706 450 744; x_wconf 86' lang='lat' dir='ltr'>mortis</span> <span class='ocrx_word' id='word_1_80' title='bbox 481 718 588 743; x_wconf 90' lang='lat' dir='ltr'>meae</span> <span class='ocrx_word' id='word_1_81' title='bbox 616 717 696 743; x_wconf 89' lang='lat' dir='ltr'>non</span> <span class='ocrx_word' id='word_1_82' title='bbox 724 710 880 755; x_wconf 81' lang='lat' dir='ltr'>accepta</span> <span class='ocrx_word' id='word_1_83' title='bbox 909 705 1036 744; x_wconf 86' lang='lat' dir='ltr'>solum</span> <span class='ocrx_word' id='word_1_84' title='bbox 1066 706 1132 744; x_wconf 91' lang='lat' dir='ltr'>sed</span> <span class='ocrx_word' id='word_1_85' title='bbox 1163 706 1277 744; x_wconf 88' lang='lat' dir='ltr'>etiam</span> <span class='ocrx_word' id='word_1_86' title='bbox 1301 711 1498 757; x_wconf 84' lang='lat' dir='ltr'>expectata</span> <span class='ocrx_word' id='word_1_87' title='bbox 1521 711 1593 745; x_wconf 85' lang='lat' dir='ltr'>est.</span> 
     </span>
    </p>
   </div>
   <div class='ocr_carea' id='block_1_5' title="bbox 113 761 1594 813">
    <p class='ocr_par' dir='ltr' id='par_1_5' title="bbox 113 761 1594 813">
     <span class='ocr_line' id='line_1_12' title="bbox 113 761 1594 813; baseline -0.001 -11"><span class='ocrx_word' id='word_1_88' title='bbox 113 769 154 802; x_wconf 89' lang='lat'>10</span> <span class='ocrx_word' id='word_1_89' title='bbox 182 773 262 801; x_wconf 91' lang='lat' dir='ltr'>non</span> <span class='ocrx_word' id='word_1_90' title='bbox 290 763 393 813; x_wconf 92' lang='lat' dir='ltr'>quod</span> <span class='ocrx_word' id='word_1_91' title='bbox 424 773 495 811; x_wconf 91' lang='lat' dir='ltr'>ego</span> <span class='ocrx_word' id='word_1_92' title='bbox 522 761 663 812; x_wconf 85' lang='lat' dir='ltr'>vulgari</span> <span class='ocrx_word' id='word_1_93' title='bbox 691 761 842 800; x_wconf 87' lang='lat' dir='ltr'>facinus</span> <span class='ocrx_word' id='word_1_94' title='bbox 871 774 940 812; x_wconf 95' lang='lat' dir='ltr'>per</span> <span class='ocrx_word' id='word_1_95' title='bbox 968 762 1095 801; x_wconf 90' lang='lat' dir='ltr'>omnis</span> <span class='ocrx_word' id='word_1_96' title='bbox 1123 762 1232 800; x_wconf 88' lang='lat' dir='ltr'>velim</span> <span class='ocrx_word' id='word_1_97' title='bbox 1261 785 1316 790; x_wconf 94' lang='lat'><strong>—</strong></span> <span class='ocrx_word' id='word_1_98' title='bbox 1337 762 1533 813; x_wconf 79' lang='lat' dir='ltr'>equidem,</span> <span class='ocrx_word' id='word_1_99' title='bbox 1561 763 1594 801; x_wconf 90' lang='lat' dir='ltr'>si</span> 
     </span>
    </p>
   </div>
   <div class='ocr_carea' id='block_1_6' title="bbox 181 817 1592 920">
    <p class='ocr_par' dir='ltr' id='par_1_6' title="bbox 181 817 1592 920">
     <span class='ocr_line' id='line_1_13' title="bbox 181 817 1590 868; baseline 0.001 -11"><span class='ocrx_word' id='word_1_100' title='bbox 181 822 309 857; x_wconf 88' lang='lat' dir='ltr'>totum</span> <span class='ocrx_word' id='word_1_101' title='bbox 330 818 540 857; x_wconf 80' lang='lat' dir='ltr'>exercitum</span> <span class='ocrx_word' id='word_1_102' title='bbox 563 823 728 856; x_wconf 87' lang='lat' dir='ltr'>mortem</span> <span class='ocrx_word' id='word_1_103' title='bbox 751 817 845 856; x_wconf 90' lang='lat' dir='ltr'>mihi</span> <span class='ocrx_word' id='word_1_104' title='bbox 863 822 1020 868; x_wconf 88' lang='lat' dir='ltr'>optasse</span> <span class='ocrx_word' id='word_1_105' title='bbox 1036 819 1244 864; x_wconf 82' lang='lat' dir='ltr'>crederem,</span> <span class='ocrx_word' id='word_1_106' title='bbox 1268 819 1330 857; x_wconf 85' lang='lat' dir='ltr'>hic</span> <span class='ocrx_word' id='word_1_107' title='bbox 1350 819 1478 858; x_wconf 86' lang='lat' dir='ltr'>statim</span> <span class='ocrx_word' id='word_1_108' title='bbox 1501 824 1590 858; x_wconf 82' lang='lat' dir='ltr'>ante</span> 
     </span>
     <span class='ocr_line' id='line_1_14' title="bbox 184 875 1592 920; baseline 0.001 -7"><span class='ocrx_word' id='word_1_109' title='bbox 184 875 318 913; x_wconf 82' lang='lat' dir='ltr'>oculos</span> <span class='ocrx_word' id='word_1_110' title='bbox 336 880 486 913; x_wconf 83' lang='lat' dir='ltr'>vestros</span> <span class='ocrx_word' id='word_1_111' title='bbox 504 886 688 920; x_wconf 78' lang='lat' dir='ltr'>morerer,</span> <span class='ocrx_word' id='word_1_112' title='bbox 711 887 782 913; x_wconf 87' lang='lat' dir='ltr'>nec</span> <span class='ocrx_word' id='word_1_113' title='bbox 803 887 866 913; x_wconf 89' lang='lat' dir='ltr'>me</span> <span class='ocrx_word' id='word_1_114' title='bbox 889 875 961 913; x_wconf 89' lang='lat' dir='ltr'>vita</span> <span class='ocrx_word' id='word_1_115' title='bbox 984 875 1129 914; x_wconf 80' lang='lat' dir='ltr'>iuvaret</span> <span class='ocrx_word' id='word_1_116' title='bbox 1148 875 1268 913; x_wconf 87' lang='lat' dir='ltr'>invisa</span> <span class='ocrx_word' id='word_1_117' title='bbox 1291 875 1438 914; x_wconf 85' lang='lat' dir='ltr'>civibus</span> <span class='ocrx_word' id='word_1_118' title='bbox 1460 881 1497 915; x_wconf 89' lang='lat' dir='ltr'>et</span> <span class='ocrx_word' id='word_1_119' title='bbox 1517 876 1592 915; x_wconf 88' lang='lat' dir='ltr'>mi-</span> 
     </span>
    </p>
   </div>
   <div class='ocr_carea' id='block_1_7' title="bbox 113 931 1594 983">
    <p class='ocr_par' dir='ltr' id='par_1_7' title="bbox 113 931 1594 983">
     <span class='ocr_line' id='line_1_15' title="bbox 113 931 1594 983; baseline 0 -12"><span class='ocrx_word' id='word_1_120' title='bbox 113 941 151 973; x_wconf 86' lang='lat'>11</span> <span class='ocrx_word' id='word_1_121' title='bbox 181 931 312 970; x_wconf 86' lang='lat' dir='ltr'>litibus</span> <span class='ocrx_word' id='word_1_122' title='bbox 334 931 433 970; x_wconf 89' lang='lat' dir='ltr'>meis</span> <span class='ocrx_word' id='word_1_123' title='bbox 453 945 526 978; x_wconf 83' lang='lat'>--;</span> <span class='ocrx_word' id='word_1_124' title='bbox 549 931 614 970; x_wconf 90' lang='lat' dir='ltr'>sed</span> <span class='ocrx_word' id='word_1_125' title='bbox 639 931 848 970; x_wconf 84' lang='lat' dir='ltr'>multitudo</span> <span class='ocrx_word' id='word_1_126' title='bbox 872 931 1020 977; x_wconf 84' lang='lat' dir='ltr'>omnis,</span> <span class='ocrx_word' id='word_1_127' title='bbox 1045 931 1144 970; x_wconf 81' lang='lat' dir='ltr'>sieut</span> <span class='ocrx_word' id='word_1_128' title='bbox 1164 936 1301 970; x_wconf 88' lang='lat' dir='ltr'>natura</span> <span class='ocrx_word' id='word_1_129' title='bbox 1324 932 1440 970; x_wconf 88' lang='lat' dir='ltr'>maris</span> <span class='ocrx_word' id='word_1_130' title='bbox 1462 945 1532 983; x_wconf 90' lang='lat' dir='ltr'>per</span> <span class='ocrx_word' id='word_1_131' title='bbox 1552 945 1594 971; x_wconf 91' lang='lat' dir='ltr'>se</span> 
     </span>
    </p>
   </div>
   <div class='ocr_carea' id='block_1_8' title="bbox 183 987 1592 1096">
    <p class='ocr_par' dir='ltr' id='par_1_8' title="bbox 183 987 1592 1096">
     <span class='ocr_line' id='line_1_16' title="bbox 183 987 1592 1039; baseline 0.001 -13"><span class='ocrx_word' id='word_1_132' title='bbox 183 987 394 1026; x_wconf 88' lang='lat' dir='ltr'>immobilis</span> <span class='ocrx_word' id='word_1_133' title='bbox 412 992 483 1034; x_wconf 87' lang='lat' dir='ltr'>est,</span> <span class='ocrx_word' id='word_1_134' title='bbox 505 992 543 1026; x_wconf 86' lang='lat' dir='ltr'>et</span> <span class='ocrx_word' id='word_1_135' title='bbox 558 988 658 1027; x_wconf 86' lang='lat' dir='ltr'>venti</span> <span class='ocrx_word' id='word_1_136' title='bbox 675 993 711 1026; x_wconf 89' lang='lat' dir='ltr'>et</span> <span class='ocrx_word' id='word_1_137' title='bbox 727 1000 840 1026; x_wconf 90' lang='lat' dir='ltr'>aurae</span> <span class='ocrx_word' id='word_1_138' title='bbox 856 987 969 1034; x_wconf 84' lang='lat' dir='ltr'>cient,</span> <span class='ocrx_word' id='word_1_139' title='bbox 993 987 1042 1026; x_wconf 88' lang='lat' dir='ltr'>ita</span> <span class='ocrx_word' id='word_1_140' title='bbox 1064 992 1130 1026; x_wconf 90' lang='lat' dir='ltr'>aut</span> <span class='ocrx_word' id='word_1_141' title='bbox 1149 987 1395 1038; x_wconf 88' lang='lat' dir='ltr'>tranquillum</span> <span class='ocrx_word' id='word_1_142' title='bbox 1417 994 1483 1027; x_wconf 88' lang='lat' dir='ltr'>aut</span> <span class='ocrx_word' id='word_1_143' title='bbox 1499 1001 1592 1039; x_wconf 88' lang='lat' dir='ltr'>pro-</span> 
     </span>
     <span class='ocr_line' id='line_1_17' title="bbox 184 1043 1592 1096; baseline 0 -13"><span class='ocrx_word' id='word_1_144' title='bbox 184 1044 297 1083; x_wconf 81' lang='lat' dir='ltr'>cellae</span> <span class='ocrx_word' id='word_1_145' title='bbox 324 1044 362 1083; x_wconf 85' lang='lat' dir='ltr'>in</span> <span class='ocrx_word' id='word_1_146' title='bbox 390 1044 496 1083; x_wconf 90' lang='lat' dir='ltr'>vobis</span> <span class='ocrx_word' id='word_1_147' title='bbox 519 1049 626 1091; x_wconf 79' lang='lat' dir='ltr'>sunt3</span> <span class='ocrx_word' id='word_1_148' title='bbox 655 1049 691 1083; x_wconf 88' lang='lat' dir='ltr'>et</span> <span class='ocrx_word' id='word_1_149' title='bbox 720 1057 831 1083; x_wconf 90' lang='lat' dir='ltr'>causa</span> <span class='ocrx_word' id='word_1_150' title='bbox 861 1050 975 1096; x_wconf 88' lang='lat' dir='ltr'>atque</span> <span class='ocrx_word' id='word_1_151' title='bbox 1003 1045 1112 1095; x_wconf 84' lang='lat' dir='ltr'>origo</span> <span class='ocrx_word' id='word_1_152' title='bbox 1143 1044 1270 1083; x_wconf 90' lang='lat' dir='ltr'>omnis</span> <span class='ocrx_word' id='word_1_153' title='bbox 1298 1043 1443 1083; x_wconf 85' lang='lat' dir='ltr'>furoris</span> <span class='ocrx_word' id='word_1_154' title='bbox 1471 1057 1592 1096; x_wconf 85' lang='lat' dir='ltr'>penes</span> 
     </span>
    </p>
   </div>
   <div class='ocr_carea' id='block_1_9' title="bbox 182 1191 852 1233">
    <p class='ocr_par' dir='ltr' id='par_1_9' title="bbox 182 1191 852 1233">
     <span class='ocr_line' id='line_1_18' title="bbox 182 1191 852 1233; baseline 0.001 -11"><span class='ocrx_word' id='word_1_155' title='bbox 182 1192 363 1231; x_wconf 79' lang='lat' dir='ltr'>abh‘angen.</span> <span class='ocrx_word' id='word_1_156' title='bbox 377 1210 419 1215; x_wconf 88' lang='lat'>——</span> <span class='ocrx_word' id='word_1_157' title='bbox 433 1191 680 1233; x_wconf 75' lang='lat' dir='ltr'>ament.,§12;</span> <span class='ocrx_word' id='word_1_158' title='bbox 701 1203 727 1223; x_wconf 84' lang='lat' dir='ltr'>c.</span> <span class='ocrx_word' id='word_1_159' title='bbox 743 1192 794 1232; x_wconf 83' lang='lat'>24,</span> <span class='ocrx_word' id='word_1_160' title='bbox 814 1192 852 1230; x_wconf 74' lang='grc' dir='ltr'>ὃς</span> 
     </span>
    </p>
   </div>
   <div class='ocr_carea' id='block_1_10' title="bbox 182 1236 854 1277">
    <p class='ocr_par' dir='ltr' id='par_1_10' title="bbox 182 1236 854 1277">
     <span class='ocr_line' id='line_1_19' title="bbox 182 1236 854 1277; baseline 0.001 -9"><span class='ocrx_word' id='word_1_161' title='bbox 182 1247 243 1268; x_wconf 86' lang='lat' dir='ltr'>zur</span> <span class='ocrx_word' id='word_1_162' title='bbox 257 1237 361 1268; x_wconf 88' lang='lat' dir='ltr'>Sache</span> <span class='ocrx_word' id='word_1_163' title='bbox 376 1236 455 1268; x_wconf 91' lang='lat' dir='ltr'>Tac.</span> <span class='ocrx_word' id='word_1_164' title='bbox 472 1237 509 1268; x_wconf 88' lang='lat' dir='ltr'>H.</span> <span class='ocrx_word' id='word_1_165' title='bbox 529 1237 557 1277; x_wconf 83' lang='lat'>1,</span> <span class='ocrx_word' id='word_1_166' title='bbox 573 1236 614 1267; x_wconf 83' lang='lat'>83</span> <span class='ocrx_word' id='word_1_167' title='bbox 630 1242 716 1268; x_wconf 82' lang='lat' dir='ltr'>extr.</span> <span class='ocrx_word' id='word_1_168' title='bbox 736 1256 779 1259; x_wconf 87' lang='lat'>—</span> <span class='ocrx_word' id='word_1_169' title='bbox 795 1248 854 1269; x_wconf 83' lang='lat' dir='ltr'>ne-</span> 
     </span>
    </p>
   </div>
   <div class='ocr_carea' id='block_1_11' title="bbox 179 1282 852 1458">
    <p class='ocr_par' dir='ltr' id='par_1_11' title="bbox 179 1282 852 1458">
     <span class='ocr_line' id='line_1_20' title="bbox 179 1282 852 1324; baseline 0.001 -11"><span class='ocrx_word' id='word_1_170' title='bbox 179 1283 356 1324; x_wconf 76' lang='lat' dir='ltr'>gante&#39;bus,</span> <span class='ocrx_word' id='word_1_171' title='bbox 375 1292 469 1313; x_wconf 86' lang='lat' dir='ltr'>wenn</span> <span class='ocrx_word' id='word_1_172' title='bbox 489 1283 540 1313; x_wconf 92' lang='lat' dir='ltr'>ihr</span> <span class='ocrx_word' id='word_1_173' title='bbox 556 1282 750 1324; x_wconf 73' lang='lat' dir='ltr'>behauptet,</span> <span class='ocrx_word' id='word_1_174' title='bbox 775 1283 852 1314; x_wconf 85' lang='lat' dir='ltr'>dass</span> 
     </span>
     <span class='ocr_line' id='line_1_21' title="bbox 182 1328 851 1366; baseline 0 -8"><span class='ocrx_word' id='word_1_175' title='bbox 182 1328 271 1359; x_wconf 83' lang='lat' dir='ltr'>nicht</span> <span class='ocrx_word' id='word_1_176' title='bbox 294 1328 359 1358; x_wconf 81' lang='lat' dir='ltr'>alle</span> <span class='ocrx_word' id='word_1_177' title='bbox 382 1338 414 1358; x_wconf 94' lang='lat' dir='ltr'>u.</span> <span class='ocrx_word' id='word_1_178' title='bbox 439 1338 465 1358; x_wconf 92' lang='grc'>5.</span> <span class='ocrx_word' id='word_1_179' title='bbox 485 1337 542 1366; x_wconf 89' lang='lat' dir='ltr'>w.,</span> <span class='ocrx_word' id='word_1_180' title='bbox 572 1328 770 1359; x_wconf 85' lang='lat' dir='ltr'>wiederholt</span> <span class='ocrx_word' id='word_1_181' title='bbox 787 1328 851 1359; x_wconf 88' lang='lat' dir='ltr'>wie</span> 
     </span>
     <span class='ocr_line' id='line_1_22' title="bbox 181 1371 852 1415; baseline 0.001 -12"><span class='ocrx_word' id='word_1_182' title='bbox 181 1371 202 1414; x_wconf 67' lang='grc' dir='ltr'><strong>ξ</strong></span> <span class='ocrx_word' id='word_1_183' title='bbox 223 1373 263 1403; x_wconf 89' lang='grc'>14</span> <span class='ocrx_word' id='word_1_184' title='bbox 280 1374 338 1404; x_wconf 88' lang='lat' dir='ltr'>das</span> <span class='ocrx_word' id='word_1_185' title='bbox 361 1371 606 1412; x_wconf 84' lang='lat' dir='ltr'>Anfangswort,</span> <span class='ocrx_word' id='word_1_186' title='bbox 625 1374 790 1415; x_wconf 86' lang='lat' dir='ltr'>epiphora.</span> <span class='ocrx_word' id='word_1_187' title='bbox 806 1391 852 1396; x_wconf 90' lang='lat'>—</span> 
     </span>
     <span class='ocr_line' id='line_1_23' title="bbox 180 1418 849 1458; baseline 0 -9"><span class='ocrx_word' id='word_1_188' title='bbox 180 1428 241 1449; x_wconf 80' lang='lat' dir='ltr'>nec</span> <span class='ocrx_word' id='word_1_189' title='bbox 263 1429 327 1456; x_wconf 61' lang='lat' dir='ltr'>eu„</span> <span class='ocrx_word' id='word_1_190' title='bbox 361 1418 411 1448; x_wconf 86' lang='lat' dir='ltr'>ich</span> <span class='ocrx_word' id='word_1_191' title='bbox 436 1418 505 1449; x_wconf 90' lang='lat' dir='ltr'>will</span> <span class='ocrx_word' id='word_1_192' title='bbox 529 1428 565 1449; x_wconf 88' lang='lat' dir='ltr'>es</span> <span class='ocrx_word' id='word_1_193' title='bbox 591 1428 671 1458; x_wconf 83' lang='lat' dir='ltr'>geru</span> <span class='ocrx_word' id='word_1_194' title='bbox 696 1418 849 1458; x_wconf 84' lang='lat' dir='ltr'>glauben,</span> 
     </span>
    </p>
   </div>
   <div class='ocr_carea' id='block_1_12' title="bbox 181 1462 850 1595">
    <p class='ocr_par' dir='ltr' id='par_1_12' title="bbox 181 1462 850 1595">
     <span class='ocr_line' id='line_1_24' title="bbox 183 1462 848 1505; baseline 0 -11"><span class='ocrx_word' id='word_1_195' title='bbox 183 1464 267 1494; x_wconf 88' lang='lat' dir='ltr'>denn</span> <span class='ocrx_word' id='word_1_196' title='bbox 286 1474 317 1494; x_wconf 93' lang='lat' dir='ltr'>u.</span> <span class='ocrx_word' id='word_1_197' title='bbox 343 1474 370 1494; x_wconf 92' lang='lat' dir='ltr'>s.</span> <span class='ocrx_word' id='word_1_198' title='bbox 395 1473 437 1494; x_wconf 91' lang='lat' dir='ltr'>w.</span> <span class='ocrx_word' id='word_1_199' title='bbox 462 1481 508 1486; x_wconf 88' lang='lat'>—</span> <span class='ocrx_word' id='word_1_200' title='bbox 529 1463 668 1505; x_wconf 76' lang='lat' dir='ltr'>vulgata</span> <span class='ocrx_word' id='word_1_201' title='bbox 686 1464 748 1494; x_wconf 91' lang='lat' dir='ltr'>und</span> <span class='ocrx_word' id='word_1_202' title='bbox 767 1462 788 1504; x_wconf 64' lang='grc' dir='ltr'>ξ</span> <span class='ocrx_word' id='word_1_203' title='bbox 809 1463 848 1494; x_wconf 91' lang='grc'>10</span> 
     </span>
     <span class='ocr_line' id='line_1_25' title="bbox 181 1508 850 1550; baseline 0 -10"><span class='ocrx_word' id='word_1_204' title='bbox 181 1508 319 1550; x_wconf 76' lang='lat' dir='ltr'>vulgari</span> <span class='ocrx_word' id='word_1_205' title='bbox 330 1508 483 1539; x_wconf 84' lang='lat' dir='ltr'>dasselbe</span> <span class='ocrx_word' id='word_1_206' title='bbox 502 1518 569 1539; x_wconf 87' lang='lat' dir='ltr'>was</span> <span class='ocrx_word' id='word_1_207' title='bbox 591 1509 850 1549; x_wconf 77' lang='lat' dir='ltr'>omnessecz&#39;sse</span> 
     </span>
     <span class='ocr_line' id='line_1_26' title="bbox 181 1553 850 1595; baseline 0 -11"><span class='ocrx_word' id='word_1_208' title='bbox 181 1558 244 1585; x_wconf 85' lang='lat' dir='ltr'>etc.</span> <span class='ocrx_word' id='word_1_209' title='bbox 264 1553 470 1584; x_wconf 87' lang='lat' dir='ltr'>bezeichnet.</span> <span class='ocrx_word' id='word_1_210' title='bbox 486 1572 529 1575; x_wconf 85' lang='lat'>——</span> <span class='ocrx_word' id='word_1_211' title='bbox 545 1555 689 1595; x_wconf 74' lang='lat' dir='ltr'>possint,</span> <span class='ocrx_word' id='word_1_212' title='bbox 708 1563 743 1584; x_wconf 89' lang='lat' dir='ltr'>es</span> <span class='ocrx_word' id='word_1_213' title='bbox 762 1554 850 1584; x_wconf 84' lang='lat' dir='ltr'>wiir-</span> 
     </span>
    </p>
   </div>
   <div class='ocr_carea' id='block_1_13' title="bbox 179 1598 851 2678">
    <p class='ocr_par' dir='ltr' id='par_1_13' title="bbox 180 1598 848 1684">
     <span class='ocr_line' id='line_1_27' title="bbox 182 1598 848 1638; baseline 0.002 -9"><span class='ocrx_word' id='word_1_214' title='bbox 182 1599 221 1629; x_wconf 88' lang='lat' dir='ltr'>de</span> <span class='ocrx_word' id='word_1_215' title='bbox 239 1608 280 1629; x_wconf 93' lang='lat' dir='ltr'>zu</span> <span class='ocrx_word' id='word_1_216' title='bbox 294 1598 393 1638; x_wconf 84' lang='lat' dir='ltr'>jeder</span> <span class='ocrx_word' id='word_1_217' title='bbox 410 1598 486 1630; x_wconf 86' lang='lat' dir='ltr'>Zeit</span> <span class='ocrx_word' id='word_1_218' title='bbox 503 1599 687 1638; x_wconf 84' lang='lat' dir='ltr'>geschehen</span> <span class='ocrx_word' id='word_1_219' title='bbox 706 1598 848 1638; x_wconf 86' lang='lat' dir='ltr'>miissen,</span> 
     </span>
     <span class='ocr_line' id='line_1_28' title="bbox 180 1643 443 1684; baseline -0.004 -8"><span class='ocrx_word' id='word_1_220' title='bbox 180 1643 248 1684; x_wconf 86' lang='lat' dir='ltr'>vgl.</span> <span class='ocrx_word' id='word_1_221' title='bbox 266 1643 297 1683; x_wconf 88' lang='lat'>2,</span> <span class='ocrx_word' id='word_1_222' title='bbox 316 1644 369 1681; x_wconf 81' lang='lat'>59,</span> <span class='ocrx_word' id='word_1_223' title='bbox 394 1644 443 1675; x_wconf 91' lang='grc'>11.</span> 
     </span>
    </p>

    <p class='ocr_par' dir='ltr' id='par_1_14' title="bbox 179 1688 851 2454">
     <span class='ocr_line' id='line_1_29' title="bbox 227 1688 848 1729; baseline 0.002 -11"><span class='ocrx_word' id='word_1_224' title='bbox 227 1688 326 1720; x_wconf 87' lang='grc'>7-9.</span> <span class='ocrx_word' id='word_1_225' title='bbox 373 1688 569 1729; x_wconf 86' lang='lat' dir='ltr'>Uebergang</span> <span class='ocrx_word' id='word_1_226' title='bbox 598 1699 658 1720; x_wconf 90' lang='lat' dir='ltr'>zur</span> <span class='ocrx_word' id='word_1_227' title='bbox 685 1689 848 1720; x_wconf 85' lang='lat' dir='ltr'>weiteren</span> 
     </span>
     <span class='ocr_line' id='line_1_30' title="bbox 180 1733 849 1774; baseline 0 -9"><span class='ocrx_word' id='word_1_228' title='bbox 180 1733 416 1773; x_wconf 79' lang='lat' dir='ltr'>Entwicklung</span> <span class='ocrx_word' id='word_1_229' title='bbox 451 1734 508 1765; x_wconf 86' lang='lat' dir='ltr'>des</span> <span class='ocrx_word' id='word_1_230' title='bbox 541 1734 752 1774; x_wconf 83' lang='lat' dir='ltr'>Vergehens:</span> <span class='ocrx_word' id='word_1_231' title='bbox 799 1735 849 1765; x_wconf 87' lang='lat' dir='ltr'>ich</span> 
     </span>
     <span class='ocr_line' id='line_1_31' title="bbox 180 1779 851 1819; baseline 0 -9"><span class='ocrx_word' id='word_1_232' title='bbox 180 1779 262 1810; x_wconf 86' lang='lat' dir='ltr'>habe</span> <span class='ocrx_word' id='word_1_233' title='bbox 287 1780 394 1810; x_wconf 82' lang='lat' dir='ltr'>nichts</span> <span class='ocrx_word' id='word_1_234' title='bbox 418 1780 555 1819; x_wconf 80' lang='lat' dir='ltr'>gethan,</span> <span class='ocrx_word' id='word_1_235' title='bbox 584 1780 739 1810; x_wconf 89' lang='lat' dir='ltr'>wodurch</span> <span class='ocrx_word' id='word_1_236' title='bbox 770 1789 851 1810; x_wconf 86' lang='lat' dir='ltr'>euer</span> 
     </span>
     <span class='ocr_line' id='line_1_32' title="bbox 179 1824 848 1856; baseline 0 -1"><span class='ocrx_word' id='word_1_237' title='bbox 179 1824 304 1856; x_wconf 88' lang='lat' dir='ltr'>Frevel</span> <span class='ocrx_word' id='word_1_238' title='bbox 345 1825 435 1855; x_wconf 59' lang='lat' dir='ltr'>hatte</span> <span class='ocrx_word' id='word_1_239' title='bbox 480 1824 669 1856; x_wconf 83' lang='lat' dir='ltr'>veranlasst</span> <span class='ocrx_word' id='word_1_240' title='bbox 714 1825 848 1856; x_wconf 89' lang='lat' dir='ltr'>werden</span> 
     </span>
     <span class='ocr_line' id='line_1_33' title="bbox 180 1869 851 1910; baseline 0.001 -10"><span class='ocrx_word' id='word_1_241' title='bbox 180 1869 323 1901; x_wconf 74' lang='lat' dir='ltr'>konnen.</span> <span class='ocrx_word' id='word_1_242' title='bbox 342 1889 382 1892; x_wconf 87' lang='lat'>—-</span> <span class='ocrx_word' id='word_1_243' title='bbox 402 1871 543 1910; x_wconf 64' lang='lat' dir='ltr'>Invitus,</span> <span class='ocrx_word' id='word_1_244' title='bbox 574 1870 650 1901; x_wconf 88' lang='lat' dir='ltr'>weil</span> <span class='ocrx_word' id='word_1_245' title='bbox 668 1880 705 1901; x_wconf 90' lang='lat' dir='ltr'>er</span> <span class='ocrx_word' id='word_1_246' title='bbox 723 1871 773 1901; x_wconf 90' lang='lat' dir='ltr'>die</span> <span class='ocrx_word' id='word_1_247' title='bbox 790 1870 851 1901; x_wconf 87' lang='lat' dir='ltr'>Sa-</span> 
     </span>
     <span class='ocr_line' id='line_1_34' title="bbox 180 1914 847 1946; baseline 0 0"><span class='ocrx_word' id='word_1_248' title='bbox 180 1916 239 1946; x_wconf 84' lang='lat' dir='ltr'>ehe</span> <span class='ocrx_word' id='word_1_249' title='bbox 264 1916 383 1946; x_wconf 85' lang='lat' dir='ltr'>weiter</span> <span class='ocrx_word' id='word_1_250' title='bbox 405 1914 583 1946; x_wconf 80' lang='lat' dir='ltr'>ausfiihren</span> <span class='ocrx_word' id='word_1_251' title='bbox 610 1916 672 1946; x_wconf 92' lang='lat' dir='ltr'>und</span> <span class='ocrx_word' id='word_1_252' title='bbox 697 1925 758 1946; x_wconf 86' lang='lat' dir='ltr'>von</span> <span class='ocrx_word' id='word_1_253' title='bbox 780 1916 847 1946; x_wconf 88' lang='lat' dir='ltr'>sich</span> 
     </span>
     <span class='ocr_line' id='line_1_35' title="bbox 180 1961 848 2002; baseline 0.001 -11"><span class='ocrx_word' id='word_1_254' title='bbox 180 1961 339 2002; x_wconf 85' lang='lat' dir='ltr'>sprechen</span> <span class='ocrx_word' id='word_1_255' title='bbox 365 1970 465 1992; x_wconf 85' lang='lat' dir='ltr'>muss.</span> <span class='ocrx_word' id='word_1_256' title='bbox 488 1963 720 2002; x_wconf 78' lang='lat' dir='ltr'>—tamquam</span> <span class='ocrx_word' id='word_1_257' title='bbox 745 1972 786 2001; x_wconf 61' lang='lat' dir='ltr'>zu,</span> <span class='ocrx_word' id='word_1_258' title='bbox 817 1961 848 2001; x_wconf 89' lang='grc'>2,</span> 
     </span>
     <span class='ocr_line' id='line_1_36' title="bbox 180 2005 847 2045; baseline 0.003 -9"><span class='ocrx_word' id='word_1_259' title='bbox 180 2005 218 2045; x_wconf 91' lang='grc'>2,</span> <span class='ocrx_word' id='word_1_260' title='bbox 244 2007 279 2044; x_wconf 83' lang='lat'>53</span> <span class='ocrx_word' id='word_1_261' title='bbox 311 2006 411 2037; x_wconf 90' lang='lat' dir='ltr'>durch</span> <span class='ocrx_word' id='word_1_262' title='bbox 436 2005 574 2037; x_wconf 72' lang='lat' dir='ltr'>vulnera</span> <span class='ocrx_word' id='word_1_263' title='bbox 597 2007 639 2037; x_wconf 86' lang='lat' dir='ltr'>ist</span> <span class='ocrx_word' id='word_1_264' title='bbox 664 2009 753 2037; x_wconf 76' lang='lat' dir='ltr'>tacta</span> <span class='ocrx_word' id='word_1_265' title='bbox 776 2009 847 2038; x_wconf 73' lang='lat' dir='ltr'>tra-</span> 
     </span>
     <span class='ocr_line' id='line_1_37' title="bbox 180 2051 848 2093; baseline 0.001 -12"><span class='ocrx_word' id='word_1_266' title='bbox 180 2054 337 2092; x_wconf 76' lang='lat' dir='ltr'>ctataque</span> <span class='ocrx_word' id='word_1_267' title='bbox 365 2051 566 2081; x_wconf 79' lang='lat' dir='ltr'>veranlasst.</span> <span class='ocrx_word' id='word_1_268' title='bbox 584 2069 627 2074; x_wconf 84' lang='lat'>—</span> <span class='ocrx_word' id='word_1_269' title='bbox 645 2051 806 2093; x_wconf 76' lang='lat' dir='ltr'>equidem,</span> <span class='ocrx_word' id='word_1_270' title='bbox 821 2062 848 2082; x_wconf 91' lang='grc'>5.</span> 
     </span>
     <span class='ocr_line' id='line_1_38' title="bbox 180 2095 846 2135; baseline 0.002 -9"><span class='ocrx_word' id='word_1_271' title='bbox 180 2095 233 2135; x_wconf 87' lang='grc'>26,</span> <span class='ocrx_word' id='word_1_272' title='bbox 253 2095 311 2134; x_wconf 85' lang='grc'>22,</span> <span class='ocrx_word' id='word_1_273' title='bbox 350 2096 399 2126; x_wconf 80' lang='grc'>14.</span> <span class='ocrx_word' id='word_1_274' title='bbox 416 2113 461 2118; x_wconf 83' lang='grc'><strong>-</strong></span> <span class='ocrx_word' id='word_1_275' title='bbox 477 2095 658 2135; x_wconf 66' lang='lat' dir='ltr'>adversus,</span> <span class='ocrx_word' id='word_1_276' title='bbox 693 2096 746 2134; x_wconf 81' lang='lat'>29,</span> <span class='ocrx_word' id='word_1_277' title='bbox 766 2096 796 2133; x_wconf 82' lang='grc'>8,</span> <span class='ocrx_word' id='word_1_278' title='bbox 815 2096 846 2127; x_wconf 90' lang='grc'>2.</span> 
     </span>
     <span class='ocr_line' id='line_1_39' title="bbox 180 2139 848 2172; baseline -0.001 0"><span class='ocrx_word' id='word_1_279' title='bbox 180 2159 225 2164; x_wconf 87' lang='lat'><em>-</em></span> <span class='ocrx_word' id='word_1_280' title='bbox 249 2152 289 2172; x_wconf 84' lang='lat' dir='ltr'>en</span> <span class='ocrx_word' id='word_1_281' title='bbox 312 2141 410 2172; x_wconf 81' lang='lat' dir='ltr'>weist</span> <span class='ocrx_word' id='word_1_282' title='bbox 432 2141 684 2172; x_wconf 76' lang='lat' dir='ltr'>nachdriieklich</span> <span class='ocrx_word' id='word_1_283' title='bbox 708 2139 767 2171; x_wconf 87' lang='lat' dir='ltr'>auf</span> <span class='ocrx_word' id='word_1_284' title='bbox 791 2142 848 2172; x_wconf 84' lang='lat' dir='ltr'>das</span> 
     </span>
     <span class='ocr_line' id='line_1_40' title="bbox 180 2186 850 2226; baseline -0.003 -8"><span class='ocrx_word' id='word_1_285' title='bbox 180 2187 394 2226; x_wconf 82' lang='lat' dir='ltr'>vorliegende</span> <span class='ocrx_word' id='word_1_286' title='bbox 429 2186 640 2217; x_wconf 70' lang='lat' dir='ltr'>Verh&#39;ziltniss</span> <span class='ocrx_word' id='word_1_287' title='bbox 674 2187 745 2225; x_wconf 88' lang='lat' dir='ltr'>hin,</span> <span class='ocrx_word' id='word_1_288' title='bbox 779 2187 850 2217; x_wconf 86' lang='lat' dir='ltr'>hier</span> 
     </span>
     <span class='ocr_line' id='line_1_41' title="bbox 181 2231 850 2271; baseline -0.001 -8"><span class='ocrx_word' id='word_1_289' title='bbox 181 2233 240 2263; x_wconf 89' lang='lat' dir='ltr'>mit</span> <span class='ocrx_word' id='word_1_290' title='bbox 268 2232 438 2263; x_wconf 83' lang='lat' dir='ltr'>Sclunerz:</span> <span class='ocrx_word' id='word_1_291' title='bbox 469 2232 592 2270; x_wconf 70' lang='lat' dir='ltr'>leiderg</span> <span class='ocrx_word' id='word_1_292' title='bbox 629 2231 850 2271; x_wconf 82' lang='lat' dir='ltr'>nachgestellt</span> 
     </span>
     <span class='ocr_line' id='line_1_42' title="bbox 181 2276 848 2318; baseline -0.002 -10"><span class='ocrx_word' id='word_1_293' title='bbox 181 2276 294 2317; x_wconf 87' lang='lat' dir='ltr'>wie2,</span> <span class='ocrx_word' id='word_1_294' title='bbox 313 2277 343 2313; x_wconf 88' lang='lat'>6,</span> <span class='ocrx_word' id='word_1_295' title='bbox 363 2277 393 2308; x_wconf 90' lang='lat'>7.</span> <span class='ocrx_word' id='word_1_296' title='bbox 417 2280 644 2318; x_wconf 72' lang='grc' dir='ltr'><strong><em>-ᾳῑιιιηέο,</em></strong></span> <span class='ocrx_word' id='word_1_297' title='bbox 661 2278 702 2316; x_wconf 62' lang='lat' dir='ltr'>fl,</span> <span class='ocrx_word' id='word_1_298' title='bbox 722 2276 774 2313; x_wconf 92' lang='grc'>24</span> <span class='ocrx_word' id='word_1_299' title='bbox 794 2276 848 2315; x_wconf 87' lang='grc'>26,</span> 
     </span>
     <span class='ocr_line' id='line_1_43' title="bbox 184 2322 849 2365; baseline 0 -12"><span class='ocrx_word' id='word_1_300' title='bbox 184 2323 212 2353; x_wconf 96' lang='lat'>7.</span> <span class='ocrx_word' id='word_1_301' title='bbox 232 2341 275 2345; x_wconf 83' lang='lat'>———</span> <span class='ocrx_word' id='word_1_302' title='bbox 292 2325 435 2365; x_wconf 74' lang='lat' dir='ltr'>accepta,</span> <span class='ocrx_word' id='word_1_303' title='bbox 448 2325 578 2365; x_wconf 53' lang='grc' dir='ltr'>θαρρεῖ.</span> <span class='ocrx_word' id='word_1_304' title='bbox 598 2323 670 2353; x_wconf 88' lang='lat' dir='ltr'>sind</span> <span class='ocrx_word' id='word_1_305' title='bbox 690 2323 782 2353; x_wconf 79' lang='lat' dir='ltr'>mehr</span> <span class='ocrx_word' id='word_1_306' title='bbox 798 2322 849 2353; x_wconf 86' lang='lat' dir='ltr'>als</span> 
     </span>
     <span class='ocr_line' id='line_1_44' title="bbox 181 2367 849 2408; baseline -0.003 -9"><span class='ocrx_word' id='word_1_307' title='bbox 181 2368 355 2408; x_wconf 77' lang='lat' dir='ltr'>Adjectiva</span> <span class='ocrx_word' id='word_1_308' title='bbox 380 2379 420 2399; x_wconf 92' lang='lat' dir='ltr'>zu</span> <span class='ocrx_word' id='word_1_309' title='bbox 446 2369 598 2399; x_wconf 80' lang='lat' dir='ltr'>nehnien:</span> <span class='ocrx_word' id='word_1_310' title='bbox 631 2367 788 2407; x_wconf 76' lang='lat' dir='ltr'>geglaubt</span> <span class='ocrx_word' id='word_1_311' title='bbox 805 2385 849 2389; x_wconf 85' lang='lat'>—</span> 
     </span>
     <span class='ocr_line' id='line_1_45' title="bbox 181 2412 848 2454; baseline 0 -10"><span class='ocrx_word' id='word_1_312' title='bbox 181 2414 386 2452; x_wconf 76' lang='lat' dir='ltr'>gewiinscht,</span> <span class='ocrx_word' id='word_1_313' title='bbox 406 2413 471 2451; x_wconf 75' lang='lat' dir='ltr'>vgl.</span> <span class='ocrx_word' id='word_1_314' title='bbox 490 2412 542 2451; x_wconf 84' lang='lat'>30,</span> <span class='ocrx_word' id='word_1_315' title='bbox 559 2413 611 2451; x_wconf 86' lang='lat'>30,</span> <span class='ocrx_word' id='word_1_316' title='bbox 630 2412 684 2444; x_wconf 78' lang='lat'>19:</span> <span class='ocrx_word' id='word_1_317' title='bbox 702 2415 848 2454; x_wconf 70' lang='lat' dir='ltr'>sperata.</span> 
     </span>
    </p>

    <p class='ocr_par' dir='ltr' id='par_1_15' title="bbox 184 2457 850 2678">
     <span class='ocr_line' id='line_1_46' title="bbox 232 2457 850 2489; baseline 0 -1"><span class='ocrx_word' id='word_1_318' title='bbox 232 2458 373 2489; x_wconf 86' lang='lat'>10—12.</span> <span class='ocrx_word' id='word_1_319' title='bbox 407 2458 479 2489; x_wconf 85' lang='lat' dir='ltr'>Nur</span> <span class='ocrx_word' id='word_1_320' title='bbox 507 2459 558 2489; x_wconf 84' lang='lat' dir='ltr'>die</span> <span class='ocrx_word' id='word_1_321' title='bbox 589 2457 850 2489; x_wconf 80' lang='lat' dir='ltr'>Beschaffenheit</span> 
     </span>
     <span class='ocr_line' id='line_1_47' title="bbox 184 2503 848 2543; baseline 0 -10"><span class='ocrx_word' id='word_1_322' title='bbox 184 2504 243 2533; x_wconf 88' lang='lat' dir='ltr'>der</span> <span class='ocrx_word' id='word_1_323' title='bbox 258 2514 396 2543; x_wconf 82' lang='lat' dir='ltr'>grossen</span> <span class='ocrx_word' id='word_1_324' title='bbox 418 2503 533 2542; x_wconf 76' lang='lat' dir='ltr'>Menge</span> <span class='ocrx_word' id='word_1_325' title='bbox 552 2503 682 2534; x_wconf 68' lang='lat' dir='ltr'>erkliirt</span> <span class='ocrx_word' id='word_1_326' title='bbox 700 2513 752 2541; x_wconf 89' lang='lat' dir='ltr'>es,</span> <span class='ocrx_word' id='word_1_327' title='bbox 787 2503 848 2533; x_wconf 83' lang='lat' dir='ltr'>wie</span> 
     </span>
     <span class='ocr_line' id='line_1_48' title="bbox 185 2548 849 2579; baseline 0.002 -2"><span class='ocrx_word' id='word_1_328' title='bbox 185 2548 240 2578; x_wconf 87' lang='lat' dir='ltr'>das</span> <span class='ocrx_word' id='word_1_329' title='bbox 276 2548 487 2579; x_wconf 54' lang='lat' dir='ltr'>verbra-hen</span> <span class='ocrx_word' id='word_1_330' title='bbox 519 2549 586 2579; x_wconf 87' lang='lat' dir='ltr'>sich</span> <span class='ocrx_word' id='word_1_331' title='bbox 616 2559 652 2579; x_wconf 90' lang='lat' dir='ltr'>so</span> <span class='ocrx_word' id='word_1_332' title='bbox 682 2549 761 2579; x_wconf 85' lang='lat' dir='ltr'>weit</span> <span class='ocrx_word' id='word_1_333' title='bbox 794 2549 849 2578; x_wconf 79' lang='lat' dir='ltr'>hat</span> 
     </span>
     <span class='ocr_line' id='line_1_49' title="bbox 184 2592 849 2634; baseline 0 -11"><span class='ocrx_word' id='word_1_334' title='bbox 184 2593 371 2624; x_wconf 72' lang='lat' dir='ltr'>verbieiten</span> <span class='ocrx_word' id='word_1_335' title='bbox 403 2594 550 2634; x_wconf 73' lang='lat' dir='ltr'>konnen,</span> <span class='ocrx_word' id='word_1_336' title='bbox 585 2594 647 2624; x_wconf 88' lang='lat' dir='ltr'>und</span> <span class='ocrx_word' id='word_1_337' title='bbox 681 2594 751 2624; x_wconf 86' lang='lat' dir='ltr'>ihre</span> <span class='ocrx_word' id='word_1_338' title='bbox 783 2592 849 2625; x_wconf 85' lang='lat' dir='ltr'>Un-</span> 
     </span>
     <span class='ocr_line' id='line_1_50' title="bbox 186 2637 847 2678; baseline 0.002 -11"><span class='ocrx_word' id='word_1_339' title='bbox 186 2637 374 2669; x_wconf 81' lang='lat' dir='ltr'>wissenheit</span> <span class='ocrx_word' id='word_1_340' title='bbox 402 2639 487 2670; x_wconf 80' lang='lat' dir='ltr'>l&#39;asst</span> <span class='ocrx_word' id='word_1_341' title='bbox 520 2649 555 2670; x_wconf 86' lang='lat' dir='ltr'>es</span> <span class='ocrx_word' id='word_1_342' title='bbox 589 2640 847 2678; x_wconf 87' lang='lat' dir='ltr'>einigermassen</span> 
     </span>
    </p>
   </div>
   <div class='ocr_carea' id='block_1_14' title="bbox 920 1191 1596 2676">
    <p class='ocr_par' dir='ltr' id='par_1_16' title="bbox 920 1191 1596 2676">
     <span class='ocr_line' id='line_1_51' title="bbox 926 1191 1595 1233; baseline 0 -10"><span class='ocrx_word' id='word_1_343' title='bbox 926 1192 1190 1232; x_wconf 86' lang='lat' dir='ltr'>entschuldigen.</span> <span class='ocrx_word' id='word_1_344' title='bbox 1209 1210 1252 1214; x_wconf 91' lang='lat'>-—</span> <span class='ocrx_word' id='word_1_345' title='bbox 1267 1202 1336 1224; x_wconf 83' lang='lat' dir='ltr'>non</span> <span class='ocrx_word' id='word_1_346' title='bbox 1353 1191 1443 1233; x_wconf 81' lang='lat' dir='ltr'>quod</span> <span class='ocrx_word' id='word_1_347' title='bbox 1457 1196 1520 1224; x_wconf 82' lang='lat' dir='ltr'>etc.</span> <span class='ocrx_word' id='word_1_348' title='bbox 1536 1192 1595 1223; x_wconf 82' lang='lat' dir='ltr'>bo-</span> 
     </span>
     <span class='ocr_line' id='line_1_52' title="bbox 925 1236 1595 1269; baseline 0 -1"><span class='ocrx_word' id='word_1_349' title='bbox 925 1237 1085 1268; x_wconf 79' lang='lat' dir='ltr'>schi-&#39;ankt</span> <span class='ocrx_word' id='word_1_350' title='bbox 1114 1238 1174 1268; x_wconf 88' lang='lat' dir='ltr'>den</span> <span class='ocrx_word' id='word_1_351' title='bbox 1200 1236 1379 1268; x_wconf 82' lang='lat' dir='ltr'>Gedanken</span> <span class='ocrx_word' id='word_1_352' title='bbox 1408 1239 1443 1268; x_wconf 84' lang='lat' dir='ltr'>in</span> <span class='ocrx_word' id='word_1_353' title='bbox 1471 1239 1595 1269; x_wconf 74' lang='lat' dir='ltr'>castris</span> 
     </span>
     <span class='ocr_line' id='line_1_53' title="bbox 925 1280 1594 1322; baseline 0 -9"><span class='ocrx_word' id='word_1_354' title='bbox 925 1287 1009 1320; x_wconf 83' lang='lat' dir='ltr'>etc.;</span> <span class='ocrx_word' id='word_1_355' title='bbox 1028 1283 1085 1313; x_wconf 91' lang='lat' dir='ltr'>das</span> <span class='ocrx_word' id='word_1_356' title='bbox 1104 1282 1301 1322; x_wconf 86' lang='lat' dir='ltr'>eigentliche</span> <span class='ocrx_word' id='word_1_357' title='bbox 1319 1282 1474 1313; x_wconf 74' lang='lat' dir='ltr'>Priidicat</span> <span class='ocrx_word' id='word_1_358' title='bbox 1489 1280 1594 1322; x_wconf 78' lang='lat' dir='ltr'>feh1t3</span> 
     </span>
     <span class='ocr_line' id='line_1_54' title="bbox 924 1327 1594 1359; baseline 0 -1"><span class='ocrx_word' id='word_1_359' title='bbox 924 1338 986 1358; x_wconf 87' lang='lat' dir='ltr'>vor</span> <span class='ocrx_word' id='word_1_360' title='bbox 1002 1327 1184 1359; x_wconf 75' lang='lat' dir='ltr'>multitudo</span> <span class='ocrx_word' id='word_1_361' title='bbox 1203 1329 1310 1359; x_wconf 80' lang='lat' dir='ltr'>omnis</span> <span class='ocrx_word' id='word_1_362' title='bbox 1328 1327 1372 1358; x_wconf 87' lang='lat' dir='ltr'>ist</span> <span class='ocrx_word' id='word_1_363' title='bbox 1395 1332 1499 1358; x_wconf 86' lang='lat' dir='ltr'>etwa:</span> <span class='ocrx_word' id='word_1_364' title='bbox 1532 1328 1594 1359; x_wconf 82' lang='lat' dir='ltr'>lzoc</span> 
     </span>
     <span class='ocr_line' id='line_1_55' title="bbox 925 1372 1595 1412; baseline 0 -9"><span class='ocrx_word' id='word_1_365' title='bbox 925 1375 1036 1404; x_wconf 79' lang='lat' dir='ltr'>tamen</span> <span class='ocrx_word' id='word_1_366' title='bbox 1054 1372 1143 1412; x_wconf 78' lang='lat' dir='ltr'>dico,</span> <span class='ocrx_word' id='word_1_367' title='bbox 1175 1373 1236 1404; x_wconf 78' lang='lat' dir='ltr'>ltoc</span> <span class='ocrx_word' id='word_1_368' title='bbox 1253 1383 1371 1404; x_wconf 73' lang='lat' dir='ltr'>verum</span> <span class='ocrx_word' id='word_1_369' title='bbox 1388 1375 1441 1404; x_wconf 81' lang='lat' dir='ltr'>est</span> <span class='ocrx_word' id='word_1_370' title='bbox 1456 1383 1497 1403; x_wconf 92' lang='lat' dir='ltr'>zu</span> <span class='ocrx_word' id='word_1_371' title='bbox 1515 1373 1595 1404; x_wconf 90' lang='lat' dir='ltr'>den-</span> 
     </span>
     <span class='ocr_line' id='line_1_56' title="bbox 922 1416 1594 1459; baseline 0.003 -11"><span class='ocrx_word' id='word_1_372' title='bbox 922 1417 1006 1454; x_wconf 78' lang='lat' dir='ltr'>ken3</span> <span class='ocrx_word' id='word_1_373' title='bbox 1025 1428 1051 1449; x_wconf 91' lang='lat' dir='ltr'>s.</span> <span class='ocrx_word' id='word_1_374' title='bbox 1070 1428 1097 1449; x_wconf 90' lang='lat' dir='ltr'>c.</span> <span class='ocrx_word' id='word_1_375' title='bbox 1115 1417 1249 1458; x_wconf 82' lang='lat'>41,13;</span> <span class='ocrx_word' id='word_1_376' title='bbox 1281 1417 1319 1449; x_wconf 88' lang='grc' dir='ltr'>Ζ.</span> <span class='ocrx_word' id='word_1_377' title='bbox 1337 1416 1358 1459; x_wconf 67' lang='grc' dir='ltr'><strong>ξ</strong></span> <span class='ocrx_word' id='word_1_378' title='bbox 1377 1417 1452 1449; x_wconf 88' lang='grc'>772.</span> <span class='ocrx_word' id='word_1_379' title='bbox 1470 1436 1513 1440; x_wconf 87' lang='grc'>-</span> <span class='ocrx_word' id='word_1_380' title='bbox 1530 1428 1594 1459; x_wconf 80' lang='lat' dir='ltr'>ego</span> 
     </span>
     <span class='ocr_line' id='line_1_57' title="bbox 923 1462 1596 1503; baseline 0.001 -10"><span class='ocrx_word' id='word_1_381' title='bbox 923 1473 963 1493; x_wconf 92' lang='lat' dir='ltr'>zu</span> <span class='ocrx_word' id='word_1_382' title='bbox 982 1463 1140 1494; x_wconf 87' lang='lat' dir='ltr'>betonen:</span> <span class='ocrx_word' id='word_1_383' title='bbox 1171 1463 1220 1493; x_wconf 88' lang='lat' dir='ltr'>ich</span> <span class='ocrx_word' id='word_1_384' title='bbox 1238 1464 1378 1503; x_wconf 85' lang='lat' dir='ltr'>gerade,</span> <span class='ocrx_word' id='word_1_385' title='bbox 1409 1463 1449 1493; x_wconf 90' lang='lat' dir='ltr'>im</span> <span class='ocrx_word' id='word_1_386' title='bbox 1465 1462 1596 1503; x_wconf 82' lang='lat' dir='ltr'>Gegen-</span> 
     </span>
     <span class='ocr_line' id='line_1_58' title="bbox 922 1506 1594 1549; baseline 0 -10"><span class='ocrx_word' id='word_1_387' title='bbox 922 1513 1016 1539; x_wconf 78' lang='lat' dir='ltr'>satze</span> <span class='ocrx_word' id='word_1_388' title='bbox 1046 1519 1085 1539; x_wconf 91' lang='lat' dir='ltr'>zu</span> <span class='ocrx_word' id='word_1_389' title='bbox 1113 1510 1236 1549; x_wconf 77' lang='lat' dir='ltr'>negate</span> <span class='ocrx_word' id='word_1_390' title='bbox 1264 1506 1284 1549; x_wconf 66' lang='grc' dir='ltr'>ξ</span> <span class='ocrx_word' id='word_1_391' title='bbox 1309 1508 1339 1539; x_wconf 87' lang='grc'>6.</span> <span class='ocrx_word' id='word_1_392' title='bbox 1364 1526 1407 1530; x_wconf 84' lang='grc'><strong>-</strong></span> <span class='ocrx_word' id='word_1_393' title='bbox 1431 1510 1501 1539; x_wconf 71' lang='lat' dir='ltr'>vita</span> <span class='ocrx_word' id='word_1_394' title='bbox 1517 1510 1594 1547; x_wconf 61' lang='lat' dir='ltr'>inv„</span> 
     </span>
     <span class='ocr_line' id='line_1_59' title="bbox 921 1552 1594 1593; baseline 0.001 -9"><span class='ocrx_word' id='word_1_395' title='bbox 921 1553 990 1593; x_wconf 87' lang='lat' dir='ltr'>vgl.</span> <span class='ocrx_word' id='word_1_396' title='bbox 1006 1552 1072 1584; x_wconf 86' lang='lat' dir='ltr'>Cic.</span> <span class='ocrx_word' id='word_1_397' title='bbox 1093 1552 1163 1584; x_wconf 81' lang='lat' dir='ltr'>Cat.</span> <span class='ocrx_word' id='word_1_398' title='bbox 1186 1554 1212 1593; x_wconf 93' lang='lat' dir='ltr'>l,</span> <span class='ocrx_word' id='word_1_399' title='bbox 1231 1553 1260 1593; x_wconf 88' lang='grc'>7,</span> <span class='ocrx_word' id='word_1_400' title='bbox 1282 1553 1333 1584; x_wconf 90' lang='grc'>17.</span> <span class='ocrx_word' id='word_1_401' title='bbox 1352 1571 1396 1575; x_wconf 87' lang='grc'><strong>-</strong></span> <span class='ocrx_word' id='word_1_402' title='bbox 1412 1553 1594 1585; x_wconf 75' lang='lat' dir='ltr'>multitudo</span> 
     </span>
     <span class='ocr_line' id='line_1_60' title="bbox 924 1598 1593 1639; baseline 0 -10"><span class='ocrx_word' id='word_1_403' title='bbox 924 1608 1005 1637; x_wconf 88' lang='lat' dir='ltr'>om.,</span> <span class='ocrx_word' id='word_1_404' title='bbox 1037 1599 1094 1629; x_wconf 88' lang='lat' dir='ltr'>das</span> <span class='ocrx_word' id='word_1_405' title='bbox 1120 1599 1203 1629; x_wconf 85' lang='lat' dir='ltr'>dazu</span> <span class='ocrx_word' id='word_1_406' title='bbox 1221 1598 1409 1638; x_wconf 82' lang='lat' dir='ltr'>geho&#39;rende</span> <span class='ocrx_word' id='word_1_407' title='bbox 1428 1598 1593 1639; x_wconf 63' lang='lat' dir='ltr'>pradicat,</span> 
     </span>
     <span class='ocr_line' id='line_1_61' title="bbox 921 1643 1593 1686; baseline -0.001 -11"><span class='ocrx_word' id='word_1_408' title='bbox 921 1654 983 1686; x_wconf 83' lang='lat' dir='ltr'>per</span> <span class='ocrx_word' id='word_1_409' title='bbox 1000 1655 1037 1675; x_wconf 80' lang='lat' dir='ltr'>se</span> <span class='ocrx_word' id='word_1_410' title='bbox 1048 1643 1229 1675; x_wconf 76' lang='lat' dir='ltr'>immobilis</span> <span class='ocrx_word' id='word_1_411' title='bbox 1247 1646 1308 1683; x_wconf 82' lang='lat' dir='ltr'>est,</span> <span class='ocrx_word' id='word_1_412' title='bbox 1328 1645 1369 1675; x_wconf 81' lang='lat' dir='ltr'>ab</span> <span class='ocrx_word' id='word_1_413' title='bbox 1386 1643 1462 1674; x_wconf 75' lang='lat' dir='ltr'>aliis</span> <span class='ocrx_word' id='word_1_414' title='bbox 1479 1645 1593 1685; x_wconf 76' lang='lat' dir='ltr'>agita-</span> 
     </span>
     <span class='ocr_line' id='line_1_62' title="bbox 923 1688 1594 1730; baseline 0 -11"><span class='ocrx_word' id='word_1_415' title='bbox 923 1690 995 1727; x_wconf 80' lang='lat' dir='ltr'>tur,</span> <span class='ocrx_word' id='word_1_416' title='bbox 1023 1689 1066 1719; x_wconf 87' lang='lat' dir='ltr'>ist</span> <span class='ocrx_word' id='word_1_417' title='bbox 1084 1689 1173 1719; x_wconf 81' lang='lat' dir='ltr'>nicht</span> <span class='ocrx_word' id='word_1_418' title='bbox 1191 1688 1373 1719; x_wconf 88' lang='lat' dir='ltr'>besonders</span> <span class='ocrx_word' id='word_1_419' title='bbox 1390 1698 1594 1730; x_wconf 85' lang='lat' dir='ltr'>ausgespro-</span> 
     </span>
     <span class='ocr_line' id='line_1_63' title="bbox 923 1733 1594 1772; baseline 0 -8"><span class='ocrx_word' id='word_1_420' title='bbox 923 1735 1020 1772; x_wconf 85' lang='lat' dir='ltr'>chen,</span> <span class='ocrx_word' id='word_1_421' title='bbox 1054 1734 1196 1764; x_wconf 89' lang='lat' dir='ltr'>sondern</span> <span class='ocrx_word' id='word_1_422' title='bbox 1222 1734 1252 1764; x_wconf 91' lang='lat' dir='ltr'>in</span> <span class='ocrx_word' id='word_1_423' title='bbox 1276 1734 1418 1764; x_wconf 84' lang='lat' dir='ltr'>anderer</span> <span class='ocrx_word' id='word_1_424' title='bbox 1438 1733 1534 1765; x_wconf 81' lang='lat' dir='ltr'>Forin</span> <span class='ocrx_word' id='word_1_425' title='bbox 1553 1744 1594 1765; x_wconf 84' lang='lat' dir='ltr'>an</span> 
     </span>
     <span class='ocr_line' id='line_1_64' title="bbox 922 1777 1593 1819; baseline 0 -9"><span class='ocrx_word' id='word_1_426' title='bbox 922 1780 1064 1810; x_wconf 71' lang='lat' dir='ltr'>invehis</span> <span class='ocrx_word' id='word_1_427' title='bbox 1078 1777 1315 1819; x_wconf 80' lang='lat' dir='ltr'>angeffigt,und</span> <span class='ocrx_word' id='word_1_428' title='bbox 1326 1790 1362 1810; x_wconf 89' lang='lat' dir='ltr'>so</span> <span class='ocrx_word' id='word_1_429' title='bbox 1378 1779 1526 1818; x_wconf 86' lang='lat' dir='ltr'>zugleich</span> <span class='ocrx_word' id='word_1_430' title='bbox 1541 1779 1593 1810; x_wconf 83' lang='lat' dir='ltr'>die</span> 
     </span>
     <span class='ocr_line' id='line_1_65' title="bbox 922 1822 1593 1864; baseline 0.001 -10"><span class='ocrx_word' id='word_1_431' title='bbox 922 1824 1139 1864; x_wconf 85' lang='lat' dir='ltr'>Anwendung</span> <span class='ocrx_word' id='word_1_432' title='bbox 1153 1825 1210 1855; x_wconf 89' lang='lat' dir='ltr'>des</span> <span class='ocrx_word' id='word_1_433' title='bbox 1221 1823 1449 1855; x_wconf 84' lang='lat' dir='ltr'>Gleichnisses</span> <span class='ocrx_word' id='word_1_434' title='bbox 1462 1822 1522 1855; x_wconf 85' lang='lat' dir='ltr'>auf</span> <span class='ocrx_word' id='word_1_435' title='bbox 1531 1825 1593 1855; x_wconf 91' lang='lat' dir='ltr'>den</span> 
     </span>
     <span class='ocr_line' id='line_1_66' title="bbox 921 1868 1594 1909; baseline 0 -9"><span class='ocrx_word' id='word_1_436' title='bbox 921 1870 1192 1909; x_wconf 71' lang='lat' dir='ltr'>gegenw&#39;zirtigen</span> <span class='ocrx_word' id='word_1_437' title='bbox 1220 1868 1294 1900; x_wconf 87' lang='lat' dir='ltr'>Fall</span> <span class='ocrx_word' id='word_1_438' title='bbox 1322 1870 1483 1909; x_wconf 84' lang='lat' dir='ltr'>gemacht.</span> <span class='ocrx_word' id='word_1_439' title='bbox 1525 1869 1594 1900; x_wconf 86' lang='lat' dir='ltr'>An-</span> 
     </span>
     <span class='ocr_line' id='line_1_67' title="bbox 923 1915 1593 1956; baseline 0 -11"><span class='ocrx_word' id='word_1_440' title='bbox 923 1915 1001 1946; x_wconf 87' lang='lat' dir='ltr'>dere</span> <span class='ocrx_word' id='word_1_441' title='bbox 1017 1915 1107 1945; x_wconf 88' lang='lat' dir='ltr'>lesen</span> <span class='ocrx_word' id='word_1_442' title='bbox 1123 1917 1186 1954; x_wconf 79' lang='lat' dir='ltr'>est,</span> <span class='ocrx_word' id='word_1_443' title='bbox 1203 1916 1306 1952; x_wconf 66' lang='grc' dir='ltr'><strong><em>ιἐηίίς</em></strong></span> <span class='ocrx_word' id='word_1_444' title='bbox 1322 1915 1404 1945; x_wconf 87' lang='lat' dir='ltr'>oder</span> <span class='ocrx_word' id='word_1_445' title='bbox 1420 1915 1593 1956; x_wconf 88' lang='lat' dir='ltr'>interpun-</span> 
     </span>
     <span class='ocr_line' id='line_1_68' title="bbox 922 1960 1593 2001; baseline 0.001 -11"><span class='ocrx_word' id='word_1_446' title='bbox 922 1960 1031 2000; x_wconf 81' lang='lat' dir='ltr'>giren:</span> <span class='ocrx_word' id='word_1_447' title='bbox 1049 1962 1172 1992; x_wconf 78' lang='lat' dir='ltr'>maris:</span> <span class='ocrx_word' id='word_1_448' title='bbox 1188 1970 1249 2001; x_wconf 86' lang='lat' dir='ltr'>per</span> <span class='ocrx_word' id='word_1_449' title='bbox 1258 1962 1455 1998; x_wconf 78' lang='lat' dir='ltr'>se-—cz&#39;ent3</span> <span class='ocrx_word' id='word_1_450' title='bbox 1471 1961 1593 1991; x_wconf 83' lang='lat' dir='ltr'>itaetc.</span> 
     </span>
     <span class='ocr_line' id='line_1_69' title="bbox 921 2004 1594 2045; baseline -0.001 -9"><span class='ocrx_word' id='word_1_451' title='bbox 921 2004 1594 2045; x_wconf 76' lang='lat' dir='ltr'>—natura‚dasMeerseinerNatur‚sei-</span> 
     </span>
     <span class='ocr_line' id='line_1_70' title="bbox 922 2047 1592 2092; baseline -0.003 -11"><span class='ocrx_word' id='word_1_452' title='bbox 922 2050 1124 2081; x_wconf 79' lang='lat' dir='ltr'>nemwesen</span> <span class='ocrx_word' id='word_1_453' title='bbox 1135 2047 1592 2092; x_wconf 59' lang='lat' dir='ltr'>nach3Polbedc&#39;aq115c5193</span> 
     </span>
     <span class='ocr_line' id='line_1_71' title="bbox 922 2094 1592 2138; baseline 0 -13"><span class='ocrx_word' id='word_1_454' title='bbox 922 2094 960 2125; x_wconf 91' lang='grc' dir='ltr'>Ζ.</span> <span class='ocrx_word' id='word_1_455' title='bbox 978 2094 998 2136; x_wconf 66' lang='grc' dir='ltr'>ξ</span> <span class='ocrx_word' id='word_1_456' title='bbox 1018 2094 1094 2138; x_wconf 75' lang='grc'>678.</span> <span class='ocrx_word' id='word_1_457' title='bbox 1112 2112 1156 2117; x_wconf 88' lang='lat'>—-</span> <span class='ocrx_word' id='word_1_458' title='bbox 1172 2097 1206 2125; x_wconf 82' lang='lat' dir='ltr'>et</span> <span class='ocrx_word' id='word_1_459' title='bbox 1219 2097 1316 2133; x_wconf 73' lang='lat' dir='ltr'>renti,</span> <span class='ocrx_word' id='word_1_460' title='bbox 1336 2104 1430 2125; x_wconf 88' lang='lat' dir='ltr'>wenn</span> <span class='ocrx_word' id='word_1_461' title='bbox 1449 2105 1484 2125; x_wconf 88' lang='lat' dir='ltr'>es</span> <span class='ocrx_word' id='word_1_462' title='bbox 1504 2094 1592 2125; x_wconf 90' lang='lat' dir='ltr'>rich-</span> 
     </span>
     <span class='ocr_line' id='line_1_72' title="bbox 921 2139 1590 2179; baseline -0.001 -8"><span class='ocrx_word' id='word_1_463' title='bbox 921 2140 969 2179; x_wconf 78' lang='lat' dir='ltr'>tig</span> <span class='ocrx_word' id='word_1_464' title='bbox 984 2141 1042 2171; x_wconf 85' lang='lat' dir='ltr'>ist:</span> <span class='ocrx_word' id='word_1_465' title='bbox 1061 2140 1126 2170; x_wconf 92' lang='lat' dir='ltr'>und</span> <span class='ocrx_word' id='word_1_466' title='bbox 1142 2150 1203 2170; x_wconf 91' lang='lat' dir='ltr'>nur</span> <span class='ocrx_word' id='word_1_467' title='bbox 1217 2150 1248 2170; x_wconf 89' lang='lat' dir='ltr'>u.</span> <span class='ocrx_word' id='word_1_468' title='bbox 1263 2149 1290 2170; x_wconf 91' lang='grc'>5.</span> <span class='ocrx_word' id='word_1_469' title='bbox 1305 2149 1359 2177; x_wconf 88' lang='lat' dir='ltr'>w.,</span> <span class='ocrx_word' id='word_1_470' title='bbox 1375 2149 1402 2170; x_wconf 86' lang='lat' dir='ltr'>s.</span> <span class='ocrx_word' id='word_1_471' title='bbox 1417 2150 1444 2170; x_wconf 87' lang='lat' dir='ltr'>c.</span> <span class='ocrx_word' id='word_1_472' title='bbox 1461 2139 1513 2179; x_wconf 88' lang='grc'>26,</span> <span class='ocrx_word' id='word_1_473' title='bbox 1532 2139 1590 2176; x_wconf 86' lang='grc'>11;</span> 
     </span>
     <span class='ocr_line' id='line_1_73' title="bbox 922 2184 1591 2226; baseline -0.001 -10"><span class='ocrx_word' id='word_1_474' title='bbox 922 2188 956 2216; x_wconf 83' lang='lat' dir='ltr'>et</span> <span class='ocrx_word' id='word_1_475' title='bbox 981 2185 1025 2216; x_wconf 88' lang='lat' dir='ltr'>ist</span> <span class='ocrx_word' id='word_1_476' title='bbox 1055 2185 1144 2215; x_wconf 72' lang='lat' dir='ltr'>nieht</span> <span class='ocrx_word' id='word_1_477' title='bbox 1172 2185 1489 2226; x_wconf 82' lang='lat' dir='ltr'>correspondirend‚</span> <span class='ocrx_word' id='word_1_478' title='bbox 1522 2184 1591 2224; x_wconf 85' lang='lat' dir='ltr'>vgl.</span> 
     </span>
     <span class='ocr_line' id='line_1_74' title="bbox 921 2227 1590 2273; baseline -0.001 -12"><span class='ocrx_word' id='word_1_479' title='bbox 921 2229 1078 2261; x_wconf 84' lang='lat' dir='ltr'>Herodot.</span> <span class='ocrx_word' id='word_1_480' title='bbox 1096 2230 1126 2269; x_wconf 90' lang='grc'>7,</span> <span class='ocrx_word' id='word_1_481' title='bbox 1148 2229 1202 2261; x_wconf 89' lang='lat'>19:</span> <span class='ocrx_word' id='word_1_482' title='bbox 1223 2227 1417 2272; x_wconf 71' lang='grc' dir='ltr'>πνεύματα</span> <span class='ocrx_word' id='word_1_483' title='bbox 1431 2228 1590 2273; x_wconf 75' lang='grc' dir='ltr'>ἀνέμων.</span> 
     </span>
     <span class='ocr_line' id='line_1_75' title="bbox 920 2274 1591 2316; baseline -0.001 -9"><span class='ocrx_word' id='word_1_484' title='bbox 920 2293 966 2298; x_wconf 81' lang='lat'>-—</span> <span class='ocrx_word' id='word_1_485' title='bbox 983 2275 1219 2316; x_wconf 74' lang='lat' dir='ltr'>tranquillum,</span> <span class='ocrx_word' id='word_1_486' title='bbox 1238 2275 1303 2314; x_wconf 77' lang='lat' dir='ltr'>vgl.</span> <span class='ocrx_word' id='word_1_487' title='bbox 1322 2274 1352 2313; x_wconf 91' lang='grc'>3,</span> <span class='ocrx_word' id='word_1_488' title='bbox 1371 2275 1423 2311; x_wconf 89' lang='grc'>40,</span> <span class='ocrx_word' id='word_1_489' title='bbox 1446 2275 1501 2305; x_wconf 73' lang='lat' dir='ltr'>sl:</span> <span class='ocrx_word' id='word_1_490' title='bbox 1535 2285 1591 2306; x_wconf 72' lang='lat' dir='ltr'>res</span> 
     </span>
     <span class='ocr_line' id='line_1_76' title="bbox 920 2320 1591 2363; baseline -0.003 -11"><span class='ocrx_word' id='word_1_491' title='bbox 920 2321 1096 2363; x_wconf 69' lang='lat' dir='ltr'>publicam</span> <span class='ocrx_word' id='word_1_492' title='bbox 1112 2320 1331 2362; x_wconf 70' lang='lat' dir='ltr'>tranquillum</span> <span class='ocrx_word' id='word_1_493' title='bbox 1344 2320 1492 2356; x_wconf 76' lang='lat' dir='ltr'>redacta,</span> <span class='ocrx_word' id='word_1_494' title='bbox 1512 2320 1591 2350; x_wconf 86' lang='lat' dir='ltr'>h&#39;a&#39;u-</span> 
     </span>
     <span class='ocr_line' id='line_1_77' title="bbox 922 2364 1589 2406; baseline -0.001 -10"><span class='ocrx_word' id='word_1_495' title='bbox 922 2366 1006 2405; x_wconf 75' lang='lat' dir='ltr'>figer</span> <span class='ocrx_word' id='word_1_496' title='bbox 1024 2367 1063 2396; x_wconf 84' lang='lat' dir='ltr'>im</span> <span class='ocrx_word' id='word_1_497' title='bbox 1086 2366 1177 2406; x_wconf 55' lang='lat' dir='ltr'>Abi„</span> <span class='ocrx_word' id='word_1_498' title='bbox 1202 2376 1228 2396; x_wconf 93' lang='lat' dir='ltr'>s.</span> <span class='ocrx_word' id='word_1_499' title='bbox 1247 2365 1300 2405; x_wconf 86' lang='grc'>24,</span> <span class='ocrx_word' id='word_1_500' title='bbox 1320 2365 1348 2406; x_wconf 75' lang='lat' dir='ltr'>S,</span> <span class='ocrx_word' id='word_1_501' title='bbox 1370 2365 1427 2402; x_wconf 76' lang='lat'>133</span> <span class='ocrx_word' id='word_1_502' title='bbox 1463 2364 1515 2401; x_wconf 82' lang='lat'>26,</span> <span class='ocrx_word' id='word_1_503' title='bbox 1535 2364 1589 2405; x_wconf 88' lang='grc'>51,</span> 
     </span>
     <span class='ocr_line' id='line_1_78' title="bbox 921 2409 1590 2452; baseline -0.001 -11"><span class='ocrx_word' id='word_1_504' title='bbox 921 2410 959 2449; x_wconf 75' lang='lat'>63</span> <span class='ocrx_word' id='word_1_505' title='bbox 979 2411 1032 2451; x_wconf 89' lang='lat'>31,</span> <span class='ocrx_word' id='word_1_506' title='bbox 1057 2411 1108 2452; x_wconf 86' lang='lat'>23,</span> <span class='ocrx_word' id='word_1_507' title='bbox 1127 2412 1157 2449; x_wconf 89' lang='grc'>4,</span> <span class='ocrx_word' id='word_1_508' title='bbox 1175 2421 1205 2441; x_wconf 90' lang='lat' dir='ltr'>u.</span> <span class='ocrx_word' id='word_1_509' title='bbox 1224 2420 1252 2441; x_wconf 84' lang='lat' dir='ltr'>a.</span> <span class='ocrx_word' id='word_1_510' title='bbox 1271 2421 1297 2442; x_wconf 92' lang='grc'>5.</span> <span class='ocrx_word' id='word_1_511' title='bbox 1317 2410 1494 2450; x_wconf 82' lang='lat' dir='ltr'>Naegelsb.</span> <span class='ocrx_word' id='word_1_512' title='bbox 1514 2409 1590 2441; x_wconf 87' lang='lat' dir='ltr'>Stil.</span> 
     </span>
     <span class='ocr_line' id='line_1_79' title="bbox 922 2456 1592 2496; baseline -0.001 -9"><span class='ocrx_word' id='word_1_513' title='bbox 922 2456 955 2487; x_wconf 90' lang='lat' dir='ltr'>S.</span> <span class='ocrx_word' id='word_1_514' title='bbox 990 2456 1043 2488; x_wconf 77' lang='lat'>65.</span> <span class='ocrx_word' id='word_1_515' title='bbox 1075 2474 1119 2478; x_wconf 95' lang='lat'>—</span> <span class='ocrx_word' id='word_1_516' title='bbox 1152 2459 1185 2487; x_wconf 81' lang='lat' dir='ltr'>et</span> <span class='ocrx_word' id='word_1_517' title='bbox 1213 2466 1316 2487; x_wconf 78' lang='lat' dir='ltr'>causa</span> <span class='ocrx_word' id='word_1_518' title='bbox 1344 2456 1530 2496; x_wconf 83' lang='lat' dir='ltr'>entspricht</span> <span class='ocrx_word' id='word_1_519' title='bbox 1558 2457 1592 2486; x_wconf 77' lang='lat' dir='ltr'>et</span> 
     </span>
     <span class='ocr_line' id='line_1_80' title="bbox 920 2500 1590 2541; baseline -0.004 -9"><span class='ocrx_word' id='word_1_520' title='bbox 920 2504 1025 2541; x_wconf 71' lang='lat' dir='ltr'>venti,</span> <span class='ocrx_word' id='word_1_521' title='bbox 1066 2502 1129 2532; x_wconf 91' lang='lat' dir='ltr'>und</span> <span class='ocrx_word' id='word_1_522' title='bbox 1170 2501 1298 2532; x_wconf 67' lang='lat' dir='ltr'>entlialt</span> <span class='ocrx_word' id='word_1_523' title='bbox 1338 2501 1486 2540; x_wconf 80' lang='lat' dir='ltr'>zugleich</span> <span class='ocrx_word' id='word_1_524' title='bbox 1527 2500 1590 2530; x_wconf 84' lang='lat' dir='ltr'>den</span> 
     </span>
     <span class='ocr_line' id='line_1_81' title="bbox 922 2542 1591 2578; baseline -0.003 -1"><span class='ocrx_word' id='word_1_525' title='bbox 922 2547 1146 2577; x_wconf 79' lang='lat' dir='ltr'>Schlusssatz.</span> <span class='ocrx_word' id='word_1_526' title='bbox 1186 2546 1223 2578; x_wconf 88' lang='lat' dir='ltr'>L.</span> <span class='ocrx_word' id='word_1_527' title='bbox 1253 2547 1308 2577; x_wconf 86' lang='lat' dir='ltr'>hat</span> <span class='ocrx_word' id='word_1_528' title='bbox 1339 2547 1397 2576; x_wconf 84' lang='lat' dir='ltr'>das</span> <span class='ocrx_word' id='word_1_529' title='bbox 1425 2542 1591 2575; x_wconf 77' lang='lat' dir='ltr'>melu-sach</span> 
     </span>
     <span class='ocr_line' id='line_1_82' title="bbox 921 2589 1588 2631; baseline -0.006 -8"><span class='ocrx_word' id='word_1_530' title='bbox 921 2592 1122 2631; x_wconf 74' lang='lat' dir='ltr'>gebrauchte</span> <span class='ocrx_word' id='word_1_531' title='bbox 1141 2591 1341 2629; x_wconf 78' lang='lat' dir='ltr'>Gleichniss,</span> <span class='ocrx_word' id='word_1_532' title='bbox 1361 2601 1387 2622; x_wconf 90' lang='lat' dir='ltr'>s.</span> <span class='ocrx_word' id='word_1_533' title='bbox 1407 2589 1459 2627; x_wconf 82' lang='lat'>38,</span> <span class='ocrx_word' id='word_1_534' title='bbox 1482 2589 1531 2629; x_wconf 87' lang='grc'>10,</span> <span class='ocrx_word' id='word_1_535' title='bbox 1551 2590 1588 2627; x_wconf 79' lang='lat'>53</span> 
     </span>
     <span class='ocr_line' id='line_1_83' title="bbox 920 2634 1589 2676; baseline -0.006 -7"><span class='ocrx_word' id='word_1_536' title='bbox 920 2637 1078 2669; x_wconf 84' lang='lat' dir='ltr'>Herodot.</span> <span class='ocrx_word' id='word_1_537' title='bbox 1104 2637 1125 2668; x_wconf 91' lang='lat' dir='ltr'>l.</span> <span class='ocrx_word' id='word_1_538' title='bbox 1145 2637 1184 2676; x_wconf 85' lang='lat' dir='ltr'>l.;</span> <span class='ocrx_word' id='word_1_539' title='bbox 1218 2636 1284 2668; x_wconf 86' lang='lat' dir='ltr'>Cic.</span> <span class='ocrx_word' id='word_1_540' title='bbox 1304 2636 1434 2667; x_wconf 86' lang='lat' dir='ltr'>Cluent.</span> <span class='ocrx_word' id='word_1_541' title='bbox 1452 2634 1504 2673; x_wconf 82' lang='lat'>49,</span> <span class='ocrx_word' id='word_1_542' title='bbox 1523 2634 1589 2665; x_wconf 88' lang='lat' dir='ltr'>wol</span> 
     </span>
    </p>
   </div>
   <div class='ocr_carea' id='block_1_15' title="bbox 1618 543 1638 574">
    <p class='ocr_par' dir='ltr' id='par_1_17' title="bbox 1618 543 1638 574">
     <span class='ocr_line' id='line_1_84' title="bbox 1618 543 1638 574; baseline 0 0"><span class='ocrx_word' id='word_1_543' title='bbox 1618 543 1638 574; x_wconf 89' lang='lat'>5</span> 
     </span>
    </p>
   </div>
   <div class='ocr_carea' id='block_1_16' title="bbox 1621 822 1662 855">
    <p class='ocr_par' dir='ltr' id='par_1_18' title="bbox 1621 822 1662 855">
     <span class='ocr_line' id='line_1_85' title="bbox 1621 822 1662 855; baseline 0 0"><span class='ocrx_word' id='word_1_544' title='bbox 1621 822 1662 855; x_wconf 89' lang='grc'>10</span> 
     </span>
    </p>
   </div>
  </div>
 </body>
</html>
