1784 2967
66 840 107 872 10

67 1123 106 1155 15

64 1399 106 1432 20

575 222 703 255 LIBER
719 221 830 255 XXV.
865 222 957 255 CAP.
975 223 1029 256 28.
1048 224 1103 256 29.
1465 227 1538 265 171

140 243 166 262 a.
182 235 235 262 Ch.
250 234 311 260 212.

134 328 341 379 Epicyden,
369 327 429 366 cui
452 326 603 365 Sindon
625 336 843 376 cognomen
864 329 955 371 erat,
978 326 1287 376 adgrederentur.
1330 326 1539 365 interfectis
1571 337 1590 368 6

135 384 181 422 iis
209 389 246 422 et
278 383 523 422 multitudine
556 383 602 421 ad
632 381 855 420 contionem
883 386 1035 427 vocata,
1068 382 1237 433 inopiam
1267 395 1440 434 quaeque
1468 383 1543 434 ipsi

134 441 236 479 inter
272 452 313 478 se
355 440 519 479 fremere
560 437 699 477 occulti
743 437 847 476 soliti
884 442 992 475 erant
1040 439 1259 490 conquesti,
1308 451 1543 490 quamquam

135 502 194 535 tot
247 496 344 535 mala
398 500 597 546 urgerent,
657 498 847 544 negarunt
893 494 1090 532 fortunam
1139 495 1392 534 accusandam
1442 508 1541 542 esse,

137 553 239 604 quod
287 553 325 591 in
372 552 549 603 ipsorum
595 555 696 589 esset
736 554 944 601 potestate,
996 551 1179 600 quamdiu
1220 564 1262 589 ea
1305 556 1540 601 paterentur.

133 609 319 648 Romanis
361 621 514 648 causam
551 606 802 658 oppugnandi
837 606 1045 657 Syracusas
1079 606 1199 645 fuisse
1235 608 1429 646 caritatem
1468 608 1539 659 Sy-
1571 619 1588 650 7

136 677 412 704 raeusanorum
441 676 521 703 non
550 664 699 702 odium:
732 674 822 701 nam
852 668 893 701 ut
920 668 1128 713 occupatas
1156 675 1217 701 res
1248 663 1292 701 ab
1316 664 1539 702 satellitibus

134 721 372 767 Hannibalis,
396 721 533 759 deinde
554 720 795 770 Hieronymi,
817 718 1052 770 Hippocrate
1073 725 1185 770 atque
1206 719 1383 770 Epicyde,
1410 721 1540 758 audie-

136 779 224 824 rint,
246 783 329 816 tum
350 777 490 816 bellum
511 776 682 815 movisse
709 781 746 814 et
774 775 949 814 obsidere
971 775 1105 813 urbem
1129 776 1316 826 coepisse,
1338 781 1381 814 ut
1403 777 1539 814 crude—

135 835 180 873 lis
201 840 383 885 tyrannos
406 834 500 880 eius,
520 845 599 871 non
622 839 665 871 ut
685 833 811 884 ipsam
833 832 967 870 urbem
989 838 1264 882 expugnarent.
1306 832 1541 883 Hippocrate
1571 841 1589 872 S

135 903 224 929 vero
252 890 506 941 interempto,
538 890 704 940 Epicyde
732 889 941 927 intercluso
970 888 1015 926 ab
1045 888 1247 939 Syracusis
1276 894 1313 926 et
1339 888 1541 939 praefectis

135 947 216 985 eius
243 947 402 994 occisis,
438 945 818 996 Carthaginiensibus
849 944 955 983 omni
984 945 1235 994 possessione
1264 944 1414 982 Siciliae
1440 950 1541 983 terra

134 1004 306 1054 marique
333 1003 453 1054 pulsis
480 1027 536 1030 —
563 1015 678 1053 quam
707 1013 911 1052 superesse
940 1013 1092 1039 causam
1123 1001 1326 1044 Romanis,
1366 1013 1434 1039 cur
1461 1013 1542 1039 non

135 1060 294 1110 perinde
322 1072 365 1097 ac
393 1060 425 1097 si
447 1060 563 1098 Hiero
586 1059 669 1110 ipse
690 1059 845 1103 viveret,
873 1057 1008 1095 unicus
1032 1057 1227 1095 Romanae
1250 1056 1436 1095 amicitiae
1460 1057 1540 1095 cul-

135 1122 209 1160 tor,
237 1116 439 1154 incolumis
458 1116 666 1167 Syracusas
689 1126 775 1152 esse
795 1112 939 1151 velint?
971 1113 1096 1163 itaque
1117 1124 1190 1151 nec
1211 1113 1294 1151 urbi
1316 1125 1389 1151 nec
1409 1113 1539 1151 homi·
1570 1124 1589 1155 9

135 1172 248 1210 nibus
279 1172 379 1210 aliud
407 1172 619 1222 perieulum
642 1183 755 1222 quam
778 1170 823 1208 ab
847 1175 968 1208 semet
988 1169 1083 1219 ipsis
1107 1182 1211 1215 esse,
1241 1169 1272 1207 si
1295 1169 1539 1207 occasionem

134 1228 407 1266 reconciliandi
435 1241 476 1266 se
497 1228 681 1266 Romanis
710 1225 1099 1277 praetermississent,
1131 1238 1214 1264 eam
1244 1232 1389 1271 autem,
1418 1225 1540 1276 qualis

132 1284 195 1322 illo
218 1289 417 1322 momento
441 1285 557 1322 horae
579 1284 638 1329 sit,
660 1283 804 1322 nullam
828 1282 964 1320 deinde
984 1282 1079 1328 fore,
1104 1283 1136 1320 si
1159 1282 1272 1320 simul
1292 1281 1472 1320 liberatas
1494 1281 1540 1320 ab

133 1340 412 1392 impotentibus
432 1340 606 1391 tyrannis
629 1339 874 1390 apparuisset
896 1339 911 1357 ’⁶
934 1337 964 1376 *.

248 1396 430 1435 Omnium
453 1397 595 1447 ingenti
618 1397 785 1434 adsensu
807 1395 931 1434 audita
955 1407 996 1433 ea
1018 1395 1139 1433 oratio
1162 1400 1230 1432 est.
1268 1399 1464 1444 praetores
1480 1398 1538 1432 ta·
1564 1396 1617 1435 29

134 1465 221 1491 men
242 1453 350 1504 prius
373 1454 491 1492 creari
512 1466 626 1504 quam
648 1452 791 1503 legatos
814 1451 1006 1490 nominari
1028 1450 1179 1501 placuit.
1216 1463 1261 1489 ex
1277 1451 1454 1501 ipsorum
1471 1450 1538 1488 de-

134 1509 221 1547 inde
248 1514 472 1560 praetorum
499 1522 662 1548 numero
691 1508 802 1547 missi
831 1514 1003 1547 oratores
1031 1507 1077 1546 ad
1105 1507 1343 1553 Marcellum,
1371 1518 1538 1557 quorum
1568 1514 1587 1545 2

130 1610 328 1652 praefectus
347 1610 517 1652 Mag-onis.
540 1628 584 1632 —
601 1608 715 1650 Sinti„
746 1608 799 1650 35,

134 1654 188 1694 24,
207 1654 344 1694 631,1,
363 1656 381 1686 5
400 1667 431 1686 u.
450 1666 480 1686 a.

872 1609 980 1640 selten
1021 1608 1212 1648 gebraucht.
1244 1626 1288 1630 —
1326 1608 1540 1649 interempto,

872 1654 1057 1695 iiberhaupt
1094 1654 1324 1693 wegnehmeu‚
1365 1652 1540 1692 vertilgen,

179 1699 209 1730 6.
240 1700 378 1741 multat„
409 1701 482 1731 eine
512 1699 800 1731 Volksversamm—

134 1745 212 1784 lung
229 1745 290 1776 wie
309 1744 370 1784 24,
388 1744 441 1775 22.
459 1763 505 1767 --
522 1745 654 1782 occulti,
673 1755 698 1775 s.
720 1744 799 1775 Tac.

133 1790 218 1820 Anu.
238 1789 272 1830 4,
294 1789 349 1820 12:
377 1790 497 1821 occulti
520 1789 743 1828 laetabantur,
763 1789 799 1820 L.

135 1834 194 1871 22,
222 1834 278 1874 12,
305 1834 342 1872 ’ῖς
362 1834 392 1872 2,
414 1834 462 1876 11,
482 1834 499 1863 7
529 1845 562 1865 u.
587 1844 627 1873 a.,
652 1834 717 1874 vgl.
752 1833 801 1874 10,

138 1879 194 1916 14,
232 1879 285 1909 19:
322 1879 448 1920 gaudio
478 1879 608 1911 alacres
625 1879 800 1920 fremunt,

134 1923 200 1963 vgl.
226 1923 286 1963 26,
312 1924 369 1965 32),
393 1925 428 1955 7:
453 1925 487 1955 z'n
513 1924 637 1956 occulto
660 1925 799 1965 ——sre-

133 1970 276 1999 mebant.
311 1988 353 1992 -—
386 1972 587 2011 paterentur
594 1994 602 2010 ,
641 1969 799 2000 erdulden

134 2013 280 2044 wollten.

179 2058 276 2090 7—8.
302 2060 477 2090 caritatem
490 2063 565 2100 ete.,
580 2058 631 2089 die
647 2058 800 2090 Gesand-

133 2107 189 2134 ten
207 2104 364 2145 sprechen
383 2104 413 2134 in
432 2104 504 2135 dem
523 2103 641 2142 Sinne,
666 2104 728 2134 wie
747 2104 798 2134 die

133 2149 315 2179 riiinischen
334 2148 393 2185 24,
414 2148 466 2186 33,
486 2149 516 2180 5.
534 2167 577 2170 —
593 2148 748 2192 Hippoer.
767 2160 798 2180 a.

133 2192 205 2235 Ep„
222 2194 345 2224 welche
359 2193 536 2225 Hannibals
552 2192 753 2233 Trabanten,
768 2194 800 2225 d.

135 2237 165 2268 h.
184 2248 246 2269 von
265 2238 386 2269 diesem
405 2238 583 2279 geschickt,
601 2249 627 2270 s.
647 2238 699 2275 24,
720 2238 749 2281 6,
769 2238 797 2280 3,

135 2283 217 2313 danu
247 2283 297 2313 die
321 2283 380 2314 des
403 2283 622 2325 Hieronymus
646 2294 800 2324 gewesen

134 2337 257 2359 waren.
275 2345 320 2350 -——
337 2328 486 2360 crudeles
505 2331 570 2370 tyr.
593 2329 695 2369 h'tingt
718 2330 799 2360 auch

133 2382 198 2403 von
216 2375 457 2415 arpagnarent
479 2373 538 2412 ab,
564 2384 591 2404 s.
615 2373 673 2415 26,
697 2374 733 2413 4,
759 2373 796 2412 3;

134 2416 188 2458 23,
206 2417 259 2457 30,
274 2418 307 2449 2:
327 2420 483 2450 obsessos
498 2419 728 2460 ‹zzz-pugnavi&
746 2418 799 2459 37,

136 2461 189 2502 25,
199 2462 233 2494 6:
250 2463 443 2506 Philippum
457 2462 606 2495 etNabz'n
621 2474 800 2506 (τίφης-ηα-

134 2509 206 2546 tos‚·
231 2507 288 2547 39,
314 2508 349 2550 2,
374 2508 410 2539 3:
435 2510 492 2549 qui
512 2510 634 2540 castris
651 2519 687 2539 se
704 2511 801 2540 tenu-

133 2556 231 2584 erant
256 2555 473 2585 circumsessi
491 2555 683 2596 expugnati
703 2556 802 2592 sunt,-

135 2603 227 2629 sonst
256 2598 300 2629 ist
327 2608 526 2641 eoepugnare
551 2599 610 2629 mit
634 2599 801 2640 persiinli-

134 2643 224 2674 chem
242 2643 380 2683 Objecte
398 2644 429 2674 in
448 2643 507 2674 der
524 2641 680 2675 friiheren
695 2643 799 2675 Prosa

873 1709 909 1730 so
929 1700 1005 1730 dass
1025 1708 1060 1729 es
1079 1699 1160 1729 auch
1178 1709 1240 1728 von
1260 1698 1331 1728 dem
1350 1696 1419 1728 Tod
1439 1697 1540 1727 durch

873 1745 924 1775 die
942 1743 1022 1774 Pest
1046 1743 1226 1784 gebraucht
1249 1743 1380 1773 werden
1407 1742 1540 1773 konnte.

872 1807 917 1811 —
933 1790 1065 1826 unicus,
1089 1798 1114 1818 s.
1133 1787 1192 1827 24,
1212 1787 1269 1827 34,
1296 1787 1333 1825 23
1360 1797 1419 1817 zur
1437 1786 1541 1817 Sache

874 1832 925 1872 22,
945 1832 1005 1870 323
1025 1831 1079 1871 21,
1097 1833 1138 1863 50
1157 1843 1187 1863 u.
1203 1842 1231 1863 a.

918 1878 948 1909 9.
980 1878 1122 1915 homin„
1153 1878 1213 1908 den
1240 1877 1473 1907 Einwohnern.
1497 1894 1542 1898 —

872 1933 1000 1954 rec-one.
1019 1934 1071 1962 se,
1091 1922 1148 1960 38,
1170 1922 1225 1962 14,
1244 1922 1275 1952 8.
1294 1940 1337 1944 —
1361 1923 1392 1952 si
1408 1931 1474 1952 occ.
1498 1939 1541 1943 -—

869 1968 1188 2011 praetermisissent
1205 1968 1249 1998 ist
1267 1967 1458 2006 Erkl'zirung
1477 1977 1541 1997 von

871 2012 965 2044 aliud
984 2012 1189 2056 perieulzmm
1214 2022 1287 2043 zuxn
1312 2011 1490 2043 Gedanken
1514 2021 1540 2042 s.

873 2068 899 2089 c.
921 2057 973 2095 38,
994 2057 1052 2095 183
1073 2057 1124 2095 35,
1148 2057 1197 2097 12,
1217 2057 1235 2088 S
1254 2068 1285 2088 u.
1304 2066 1389 2087 a.—
1406 2067 1478 2087 eam
1497 2067 1540 2095 a.,

872 2103 945 2134 eine
970 2112 1006 2133 so
1025 2102 1191 2142 giinstige.
1208 2120 1252 2124 —
1269 2103 1301 2133 εἰ
1315 2101 1426 2141 simul,
1446 2111 1540 2132 wenn

873 2148 932 2189 sie,
949 2147 1063 2179 sobald
1082 2158 1118 2178 es
1137 2146 1284 2178 offenbar
1300 2147 1477 2187 geworden
1493 2146 1541 2177 sei

872 2204 904 2224 u.
924 2202 950 2224 S.
980 2203 1021 2223 w.
1060 2193 1119 2224 Die
1143 2192 1248 2223 Stelle
1272 2193 1316 2222 ist
1339 2191 1541 2232 liickenhal't,

873 2239 913 2269 da
929 2236 1122 2279 Syracusas
1147 2238 1211 2268 und
1230 2237 1281 2267 ein
1301 2236 1457 2267 Gedanke
1477 2236 1540 2265 wie

872 2285 904 2314 ῖη
919 2284 1101 2314 amicitiam
1116 2284 1373 2322 societatemque
1381 2280 1541 2311 Romanis

873 2339 910 2360 se
924 2330 1157 2360 restituissent
1170 2326 1262 2358 fehlt.
1290 2326 1420 2357 Andere
1431 2325 1538 2355 lesen:

873 2384 961 2412 esse,
992 2375 1024 2404 si
1045 2375 1253 2404 occasionem
1274 2390 1318 2393 —
1339 2371 1540 2412 praetermi-

871 2421 998 2450 sissent
1021 2422 1114 2457 (eam
1139 2436 1172 2440 —-
1188 2416 1415 2456 cletudefvre)
1439 2414 1543 2446 simul

873 2464 1012 2496 libertas
1033 2464 1128 2501 <oder
1144 2463 1176 2493 sz‘
1192 2463 1267 2493 sim.
1285 2460 1456 2499 liberatas)
1475 2464 1539 2491 etc.

874 2510 955 2540 oder
984 2510 1137 2549 tyrannis
1174 2505 1366 2548 Syracusas
1405 2515 1478 2536 esse
1509 2507 1541 2536 et

872 2553 1042 2597 applicare
1067 2564 1103 2583 se
1120 2552 1282 2583 Romanis
1306 2552 1541 2593 apparuisset,-

874 2609 934 2630 zur
952 2598 1055 2629 Sache
1074 2608 1099 2628 s.
1120 2596 1172 2635 32,
1193 2595 1246 2634 21,
1267 2594 1320 2625 35.

919 2636 988 2675 ‘29-
1017 2641 1112 2673 1—3.
1143 2643 1336 2685 praetore-³,
1361 2640 1400 2671 da
1418 2639 1540 2682 Epicy-
