1784 2967
766 169 893 202 LIBER
917 169 1049 202 XXIX.
1098 169 1192 201 CAP.
1218 170 1272 201 30.
1582 187 1608 204 a.
1621 186 1648 204 u.
1663 179 1726 207 550.

321 174 401 214 306

320 275 366 314 ad
400 286 531 324 regem
567 271 741 311 remissis
777 284 1010 323 quamquam
1039 271 1232 323 aliquanto
1260 271 1390 311 minor
1416 285 1485 324 spe
1513 271 1729 326 multitudO,

319 344 391 371 nec
412 343 498 369 cum
521 341 594 379 qua
615 333 760 367 tantam
782 341 864 367 rem
881 328 1035 379 adgredi
1055 328 1147 367 satis
1164 328 1335 373 auderet,
1358 333 1599 375 convenerat,
1620 333 1726 367 ratus

320 387 468 438 agendo
498 398 540 423 ac
569 385 763 423 moliendo
792 384 890 424 vires
913 397 1068 436 quoque
1089 385 1133 423 ad
1156 384 1347 435 agendum
1370 385 1509 436 aliquid
1532 385 1727 424 conlectu-
1742 387 1751 391 “

319 455 426 488 rum,
456 441 717 492 proficiscenti
738 441 785 480 ad
807 441 1023 492 Syphacem
1044 442 1281 480 Lacumazae
1300 442 1435 492 regulo
1457 442 1504 480 ad
1526 441 1727 492 Thapsum

321 499 500 538 occurrit.
540 497 736 549 trepidum
763 510 901 548 agmen
923 510 1011 536 cum
1031 498 1072 536 in
1092 498 1227 537 urbem
1249 498 1468 548 refugisset,
1489 498 1626 537 urbem
1646 497 1726 536 Ma-

319 554 462 594 sinissa
478 554 605 605 primo
623 554 772 605 impetu
789 554 900 605 capit,
918 567 963 592 ex
979 554 1094 604 regiis
1111 554 1207 593 alios
1219 555 1404 593 tradentis
1418 554 1619 605 serecipit,
1631 553 1728 592 alios

319 611 395 649 vim
426 611 600 662 parantis
623 610 778 658 occidit3
799 623 889 662 pars
911 610 1078 650 maxima
1099 623 1186 650 cum
1208 610 1295 662 ipso
1317 623 1438 662 puero
1461 611 1561 650 inter
1579 609 1727 649 tumul—

318 672 400 706 tum
423 668 471 706 ad
497 667 730 718 Syphacem,
761 679 836 717 quo
872 666 1044 717 primum
1075 666 1318 706 intenderant
1344 667 1432 714 iter,
1460 671 1728 718 pervenerunt.
1774 703 1776 705 .

318 723 430 770 famav
447 723 563 762 huius
591 723 765 761 modicae
795 722 849 762 rei
872 724 910 762 in
932 723 1123 774 principio
1144 735 1274 762 rerum
1295 737 1485 775 prospere
1506 728 1610 762 actae
1632 734 1728 761 con-

318 780 430 819 vertit
457 780 502 818 ad
529 779 772 818 Masinissam
802 779 1010 825 Numicum,
1038 779 1331 831 adfluebantque
1360 780 1530 832 undique
1556 793 1601 818 ex
1628 779 1728 830 agris

318 836 488 887 vicisque
521 841 667 874 veteres
699 835 839 875 milites
862 835 974 874 Galae
1003 840 1040 874 et
1067 836 1277 875 invitabant
1301 837 1476 876 iuvenem
1499 837 1545 876 ad
1566 847 1727 886 recupe—

318 893 481 932 randum
502 898 706 944 paternum
727 904 903 942 regnum.
946 904 1109 931 numero
1132 893 1296 931 militum
1320 894 1556 944 aliquantum
1577 893 1728 932 Mazae-
1781 925 1784 931 .

317 949 435 988 tullus
471 949 693 1000 superabat:
723 960 812 987 nam
848 953 886 987 et
919 948 1005 999 ipse
1036 961 1123 987 eum
1152 949 1379 996 exercitum,
1407 962 1483 1000 quo
1514 949 1728 999 Capussam

320 1005 472 1052 vicerat,
496 1012 532 1044 et
553 1018 598 1043 ex
620 1004 783 1056 receptis
806 1009 897 1056 post
919 1005 1073 1044 caedem
1096 1005 1198 1056 regis
1220 1005 1363 1056 aliquot
1383 1005 1559 1051 habebat,
1582 1009 1618 1043 et
1634 1016 1731 1055 puer

318 1062 551 1101 Lacumazes
586 1061 632 1100 ab
665 1061 839 1112 Syphace
871 1061 1007 1100 auxilia
1042 1062 1210 1113 ingentia
1240 1062 1461 1101 adduxerat.
1510 1061 1729 1112 quindecim
1782 1109 1784 1114 .

319 1118 437 1157 millia
464 1118 638 1168 peditum
667 1117 908 1163 MazaetulIO,
937 1118 1069 1156 decem
1096 1118 1212 1157 millia
1240 1119 1411 1169 equitum
1433 1123 1560 1163 erant,
1588 1117 1730 1168 quibus

319 1187 407 1213 cum
434 1174 638 1213 Masinissa
670 1186 913 1225 nequaquam
939 1178 1091 1213 tantum
1120 1175 1293 1225 peditum
1323 1174 1541 1225 equitumve
1567 1174 1731 1213 habente

320 1230 398 1269 acie
421 1230 604 1269 conflixit.
637 1230 726 1269 vicit
745 1236 874 1269 tamen
896 1235 932 1268 et
953 1235 1124 1269 veterum
1147 1231 1310 1270 militum
1331 1231 1450 1270 virtus
1473 1236 1511 1269 et
1525 1230 1729 1281 prudentia

318 1287 417 1326 inter
437 1287 611 1326 Romana
641 1292 677 1325 et
699 1286 844 1325 Punica
870 1299 975 1325 arma
1002 1287 1194 1326 exercitati
1223 1288 1350 1334 ducis;
1373 1287 1527 1337 regulus
1557 1299 1645 1326 cum
1665 1291 1728 1325 tu-

316 1349 402 1382 tore
433 1348 470 1382 et
497 1342 633 1393 exigua
659 1343 977 1382 Masaesuliorum
1006 1356 1124 1383 manu
1153 1343 1192 1382 in
1214 1344 1567 1394 Carthaginiensem
1595 1354 1729 1393 agrum
1757 1375 1760 1379 .

362 1454 474 1486 4—5,
500 1457 591 1486 retro
609 1472 651 1477 —
670 1465 771 1492 rem„
791 1454 843 1494 27,
860 1454 914 1495 42,
935 1455 987 1486 10.

318 1518 358 1521 —
377 1501 476 1530 ratus
493 1517 537 1521 —
560 1499 728 1531 collectura
758 1500 988 1541 proficiscitur

317 1544 417 1575 sollte
435 1544 602 1575 Nachsatz
627 1555 667 1575 zu
686 1555 887 1586 quamquam
905 1545 987 1583 sein,

316 1590 361 1621 ist
375 1589 455 1620 aber
468 1589 851 1629 wiederVorbereitung
864 1600 905 1620 zu
915 1590 987 1620 dem

316 1644 356 1665 an
371 1635 671 1677 proficiscentisich
681 1634 986 1675 anschliessenden,

316 1678 499 1720 zufiilligen
518 1680 710 1719 Ereignisse
734 1680 924 1719 geworden.
942 1697 987 1702 —

315 1724 483 1766 molz'end„
500 1724 553 1765 40,
572 1725 602 1762 9,
622 1725 658 1755 9:
679 1726 791 1756 omnia
807 1724 938 1756 moliris
954 1727 988 1755 et

316 1772 479 1813 temptas-3
512 1769 564 1810 22,
596 1769 646 1809 14,
680 1770 739 1808 143
770 1769 925 1801 anclen'do
953 1772 986 1800 et

315 1814 448 1857 agendo
472 1825 528 1846 res
542 1814 695 1847 Romana
717 1817 821 1846 crevit.
842 1825 872 1846 u.
894 1825 924 1846 a.
942 1832 986 1837 —

316 1860 486 1902 agendam
524 1860 567 1892 al.
609 1861 659 1891 ein
701 1859 887 1901 Wortspiel
926 1860 986 1891 mit

315 1905 458 1947 agendo,
474 1915 499 1936 s.
515 1905 625 1945 e.ss‚2‚
641 1906 778 1936 handeln
794 1923 837 1927 —
851 1903 987 1936 ausfiih-

316 1961 393 1990 ren,
418 1951 609 1990 err-eichen,
635 1950 825 1990 Gegensatz
845 1961 885 1980 zu
902 1950 987 1981 m'lu‘l

315 2006 435 2037 agere,
465 1995 518 2035 24,
542 1995 596 2034 37,
624 1996 674 2026 10.
699 2014 739 2018 —
766 1995 984 2034 Lacumazae,

316 2051 343 2071 S.
358 2041 410 2082 25,
427 2040 478 2081 23,
494 2040 534 2078 9;
551 2040 592 2071 ib.
608 2040 832 2077 25,12.-ad
848 2039 983 2082 leaps.,

316 2085 401 2116 kann
436 2086 525 2115 nicht
553 2086 604 2116 die
635 2085 732 2116 stadt
759 2085 885 2116 siidlicli
916 2095 980 2115 von

317 2130 563 2170 Hadrumetum,
582 2140 619 2161 an
640 2131 700 2161 der
713 2128 819 2161 fiiiste
835 2131 915 2171 sein,
933 2139 984 2160 wo

317 2175 440 2206 Caesar
473 2175 597 2215 siegte,
636 2176 778 2206 soudern
813 2175 985 2206 entweder

316 2221 389 2252 eine
404 2221 640 2260 gleiclmamige
655 2220 685 2251 in
702 2220 884 2261 Numidica,
905 2221 985 2251 oder

316 2266 376 2296 der
404 2265 506 2296 Name
541 2266 584 2296 ist
611 2265 858 2296 verschrieben.
908 2265 984 2296 Man

317 2311 440 2341 ko'nntc
460 2310 593 2353 Thapson
606 2321 657 2341 um
677 2311 767 2341 sinus
782 2310 982 2352 Numidicus,

317 2367 342 2386 s.
374 2355 508 2386 Movet-S
539 2356 568 2394 2,
594 2356 622 2395 2,
649 2356 733 2393 5173
764 2355 928 2395 Forbiger
953 2355 983 2395 3,

317 2401 396 2441 557,
422 2401 503 2431 oder
525 2399 650 2443 Tipasa
667 2402 706 2431 im
728 2400 894 2431 siidlichen
916 2400 982 2431 Nu-

316 2446 435 2476 midien
455 2447 660 2483 vermulhen,
682 2445 875 2477 schwerlich
899 2445 983 2477 lee-

318 2488 425 2530 restel,
451 2491 489 2521 da
508 2491 560 2521 die
579 2491 776 2528 Eroberung
793 2491 853 2521 ‹ler
870 2501 905 2521 so
926 2492 981 2521 he-

317 2536 502 2565 deutenden
523 2536 618 2567 Stadt
643 2537 733 2567 nicht
757 2537 829 2566 eine
851 2536 983 2567 modica

319 2590 372 2610 res
396 2578 416 2619 ξ
435 2580 451 2610 7
471 2586 615 2620 genauut
639 2582 772 2612 werden
796 2581 921 2612 wiirde..
939 2601 982 2604 —

1060 1457 1179 1488 urbem
1196 1474 1239 1478 —
1258 1457 1344 1493 urb„
1363 1455 1417 1496 28,
1432 1456 1462 1496 7,
1483 1454 1533 1486 10.

1106 1500 1218 1531 6—7.
1250 1502 1375 1542 regiis,
1399 1501 1579 1540 Anhiinger
1596 1500 1654 1531 des
1673 1510 1727 1531 re-

1059 1545 1239 1585 gierenden
1279 1544 1416 1586 Ho'nigs.
1466 1545 1525 1576 Die
1556 1545 1728 1588 Asyndeta

1060 1591 1132 1621 sind
1155 1601 1196 1621 zu
1220 1590 1390 1622 beachten.
1409 1608 1452 1613 —-
1470 1589 1679 1630 intenderat,
1699 1600 1725 1621 s.

1060 1634 1113 1674 36,
1132 1634 1186 1675 21,
1205 1634 1239 1666 6:
1264 1635 1309 1667 ad
1321 1638 1517 1678 praetorem
1534 1654 1573 1658 —
1592 1637 1658 1667 iter
1674 1636 1728 1666 z‘n-
1755 1661 1760 1667 .

1060 1680 1183 1720 tendit,
1203 1680 1256 1721 21,
1273 1680 1326 1718 29,
1346 1679 1382 1719 63
1403 1680 1456 1719 28,
1473 1680 1528 1721 41,
1546 1680 1583 1719 S,
1607 1680 1658 1719 10,
1673 1679 1724 1720 43,

1062 1724 1119 1763 13;
1153 1724 1207 1764 27,
1232 1725 1285 1765 46,
1304 1725 1334 1756 9.
1353 1742 1398 1748 —
1414 1725 1575 1766 adflueb„
1600 1725 1664 1756 und
1689 1735 1726 1756 so

1059 1772 1221 1801 stro'mten
1247 1769 1430 1801 immersort
1453 1781 1509 1810 zu,
1528 1780 1555 1801 s.
1570 1770 1600 1808 9,
1619 1769 1671 1811 38,
1686 1770 1725 1809 93

1059 1814 1111 1856 21,
1138 1815 1190 1854 35,
1212 1815 1251 1846 12
1270 1826 1301 1846 u.
1317 1825 1349 1847 a.-
1365 1834 1408 1838 ——
1426 1827 1471 1847 ex
1493 1816 1605 1857 agris,
1629 1815 1726 1846 dahin

1059 1860 1161 1891 denkt
1175 1860 1243 1891 sich
1259 1860 1295 1892 L.
1311 1861 1362 1892 die
1377 1860 1567 1892 Veteranen
1582 1860 1726 1892 zuriiek-

1058 1905 1215 1946 gekehrt,
1240 1906 1321 1936 oder
1336 1905 1399 1936 wie
1418 1906 1447 1936 in
1467 1905 1546 1937 Rom
1565 1906 1623 1937 mit
1638 1905 1725 1936 Lan-

1058 1951 1192 1982 dereien
1231 1950 1427 1982 beschenkt.
1460 1969 1502 1973 —
1532 1953 1725 1994 palernum,

1058 1996 1116 2026 das
1146 1996 1208 2026 ihm
1238 1996 1288 2026 als
1319 1995 1430 2026 Besitz
1460 1995 1571 2027 seines
1601 1995 1723 2027 Vaters

1056 2041 1194 2081 gehb're,
1219 2050 1245 2071 S.
1265 2039 1318 2080 30,
1340 2040 1390 2080 11,
1412 2041 1447 2078 1;
1475 2040 1517 2071 ib.
1540 2040 1589 2081 17,
1609 2040 1646 2078 ὃς
1665 2040 1722 2071 da—

1056 2095 1161 2125 gegen
1187 2085 1240 2125 30,
1267 2084 1316 2126 12,
1336 2084 1356 2115 6
1379 2087 1547 2127 patriam,
1577 2085 1644 2124 vgl.
1670 2084 1724 2125 38,

1059 2130 1087 2168 1,
1106 2130 1137 2161 9.

1103 2174 1214 2206 8—9.
1239 2175 1466 2217 aliquantum,
1493 2186 1518 2206 s.
1538 2185 1566 2206 c.
1587 2174 1642 2215 18,
1664 2174 1723 2212 173

1056 2220 1123 2259 vgl.
1150 2219 1203 2259 33,
1227 2222 1257 2261 4,
1280 2222 1319 2259 ⁴53
1347 2220 1400 2260 27,
1425 2220 1477 2260 36,
1498 2221 1528 2251 7.
1545 2231 1724 2262 —nequa-

1056 2276 1157 2307 quam
1178 2283 1222 2288 —-
1244 2267 1318 2298 hab.
1342 2265 1539 2296 wiederholt
1562 2264 1635 2306 §82
1659 2276 1724 2297 nu·-

1056 2322 1149 2342 mero
1174 2329 1218 2333 —-
1241 2312 1426 2354 superabat
1455 2321 1516 2341 nur
1535 2321 1588 2341 um
1612 2313 1722 2342 tamen

1056 2355 1298 2397 anzukniipfeu.
1313 2375 1356 2379 —
1369 2358 1440 2387 acie
1452 2355 1633 2387 adverbial.
1648 2355 1724 2386 ΑΜ.

1057 2412 1098 2432 zu
1123 2401 1286 2441 conflarit.
1303 2419 1347 2423 —
1364 2403 1454 2432 inter
1478 2400 1618 2432 Roman.
1644 2405 1721 2440 etc„

1056 2447 1087 2477 in
1107 2447 1166 2477 den
1182 2444 1340 2487 Hiimpfen
1358 2447 1521 2477 zwischen
1537 2464 1580 2468 —
1595 2455 1723 2476 erwor-

1057 2492 1130 2531 ben,
1149 2492 1238 2522 nicht
1255 2492 1303 2522 als
1319 2492 1358 2521 ol)
1373 2491 1488 2522 Masin.
1504 2490 1609 2521 selbst
1622 2492 1721 2521 sehon

1056 2538 1136 2567 auch
1156 2538 1213 2567 mit
1228 2537 1289 2567 den
1305 2536 1446 2567 Riimern
1463 2545 1649 2566 zusammen
1665 2545 1721 2575 ge-

1055 2580 1186 2613 focliten
1206 2582 1307 2613 hiitte.
1327 2599 1368 2604 -—
1382 2583 1416 2613 in
1432 2580 1543 2612 Carllz.
1560 2591 1649 2622 agra,
1664 2581 1720 2612 das
