1784 2967
191 497 225 530 11

190 668 228 699 12

189 725 228 757 13

174 946 228 984 22

680 216 803 249 LIBER
829 217 959 250 XXIX.
1012 217 1104 250 CAP.
1133 217 1255 250 21.22.
1522 226 1664 255 a.u.⁵50.

259 221 340 261 288

258 336 344 362 esse
364 323 499 366 virum,
521 331 636 371 quem
658 319 825 358 amicum
846 319 918 359 sibi
940 333 1054 372 quam
1076 319 1276 359 inimicum
1293 320 1450 359 mallent
1465 331 1571 367 esse;
1592 333 1665 372 pro

259 385 362 418 certo
386 391 427 417 se
449 377 589 415 habere
610 388 736 427 neque
759 376 869 416 iussu
890 389 1016 428 neque
1033 377 1226 415 voluntate
1243 377 1284 416 P.
1302 376 1495 428 Scipionis
1512 381 1571 416 tot
1586 381 1665 416 tam

258 435 418 474 nefanda
438 432 669 480 commissa;
692 433 760 472 sed
781 438 846 472 aut
862 434 1050 472 Pleminio
1072 433 1235 472 nimium
1254 438 1319 472 aut
1335 434 1407 472 sibi
1426 445 1561 484 parum
1581 446 1662 473 cre-

259 492 394 537 ditum,
417 495 481 529 aut
502 496 640 529 natura
662 490 821 529 insitum
844 490 1077 541 quibusdam
1099 503 1197 536 esse,
1220 495 1262 529 ut
1278 490 1399 540 magis
1421 489 1571 541 peccari
1591 502 1664 529 no-

257 548 338 594 lint,
361 560 474 598 quam
498 546 591 586 satis
613 546 731 586 animi
754 547 800 585 ad
822 547 1048 586 vindicanda
1067 552 1219 598 peccata
1238 547 1412 586 habeant.
1444 552 1481 585 et
1497 547 1666 597 praetori

258 609 294 642 et
320 603 482 642 consilio
511 604 612 642 haud
641 603 834 642 mediocre
863 616 962 643 onus
992 604 1193 654 demptum
1224 608 1306 642 erat
1327 604 1373 642 de
1395 603 1578 654 Scipione
1601 616 1667 643 co-

257 660 488 711 gnoscendi:
511 660 740 698 Pleminium
763 665 799 698 et
820 660 864 699 ad
887 661 964 699 duo
987 665 1024 699 et
1043 673 1116 698 xxx
1137 661 1316 699 homines
1339 673 1425 699 cum
1445 673 1489 698 eo
1509 660 1667 699 damna-

259 723 394 756 verunt
414 722 527 768 atque
549 717 588 755 in
611 716 753 755 catenis
764 716 925 755 Romam
950 716 1157 764 miserunt3
1179 717 1252 768 ipsi
1270 717 1315 767 ad
1327 717 1551 768 Scipionem
1573 729 1667 768 pro-

257 774 345 814 fecti
365 780 470 821 sunt,
491 780 533 812 uc
552 786 594 811 ea
617 785 784 823 quoque,
808 785 904 823 quae
927 773 1075 824 vulgata
1098 773 1345 812 sermonibus
1368 778 1476 812 erant
1497 773 1543 811 de
1565 773 1668 812 cultu

257 843 299 869 ac
316 831 460 870 desidia
476 829 725 881 imperatoris
744 829 946 881 solutaque
964 829 1165 881 disciplina
1179 830 1345 878 militiae,
1358 834 1557 881 comperta
1571 842 1665 869 ocu-

257 887 301 926 lis
324 887 514 926 referrent
535 887 712 925 Romam.

368 943 617 982 Venientibus
645 943 691 981 iis
721 942 931 993 Syracusas
954 942 1083 994 Scipio
1106 954 1168 981 res
1191 954 1269 980 non
1293 942 1407 981 verba
1429 942 1474 980 ad
1496 954 1664 993 purgan-

257 1001 349 1039 dum
377 1013 463 1039 sese
492 1000 649 1051 paravit.
691 999 896 1038 exercitum
918 1011 1073 1037 omnem
1097 1012 1142 1036 eo
1166 999 1388 1044 convenire,
1417 998 1577 1036 classem
1600 1011 1667 1037 ex—

255 1057 377 1109 pediri
412 1057 545 1103 iussit,
572 1062 769 1107 tamquam
799 1055 1061 1094 dimicandum
1089 1068 1133 1093 eo
1163 1056 1222 1094 die
1248 1060 1351 1094 terra
1380 1054 1551 1105 marique
1579 1067 1666 1093 cum

256 1113 636 1164 Carthaginiensibus
667 1118 781 1152 esset.
822 1125 898 1163 quo
929 1112 988 1151 die
1016 1117 1205 1150 venerunt
1226 1111 1396 1162 hospitio
1420 1111 1581 1150 comiter
1602 1124 1665 1150 ac-

258 1171 400 1221 ceptis,
429 1176 588 1221 postero
622 1169 681 1208 die
708 1174 931 1208 terrestrem
960 1168 1211 1219 navalemque
1239 1168 1468 1213 exercitum,
1496 1179 1577 1206 non
1606 1167 1664 1206 in—

256 1232 426 1266 structos
455 1226 594 1271 modo,
622 1227 689 1264 sed
717 1226 790 1264 hos
821 1225 1082 1272 decurrentis,
1112 1225 1273 1264 classem
1304 1225 1342 1263 in
1370 1229 1486 1276 portu
1508 1224 1665 1262 simula-

258 1296 364 1322 crum
393 1289 430 1322 et
456 1284 583 1334 ipsam
605 1283 782 1321 edentem
805 1282 946 1320 navalis
969 1294 1139 1333 pugnae,
1173 1281 1359 1328 ostendit3
1379 1286 1461 1320 tum
1485 1282 1582 1319 circa
1605 1293 1667 1319 ar-

997 1373 1057 1403 her
1080 1373 1172 1404 seine
1196 1371 1426 1411 Zustimmung
1448 1372 1539 1403 hiitte
1563 1371 1668 1411 geben

256 1373 335 1414 folg.
353 1383 392 1405 ac
409 1373 504 1405 stelit
521 1373 614 1404 beide
632 1373 751 1413 gleich.
775 1389 820 1396 ——
841 1372 925 1404 mal-

996 1418 1147 1456 rniissen‚
1180 1428 1249 1448 was
1275 1418 1346 1448 hier
1370 1418 1458 1448 nicht
1483 1417 1667 1456 gesehehen

255 1419 333 1457 lent,
351 1429 446 1450 wenn
465 1420 560 1449 ihnen
580 1419 630 1449 die
651 1418 750 1449 Wabl
768 1418 923 1457 gelassen

255 1465 386 1504 wiirde,
404 1465 462 1495 das
480 1462 558 1503 fulg.
577 1463 687 1494 nolint
703 1463 833 1494 enth‘a‘lt
850 1464 924 1494 eine

255 1510 451 1549 allgemeine
483 1508 670 1540 Wahrheit.
700 1526 744 1530 —
773 1508 834 1539 sed
864 1511 924 1539 aul

254 1559 335 1586 ete:
354 1555 495 1585 sondern
515 1564 550 1584 es
568 1554 616 1584 sei
634 1563 695 1584 nur
713 1553 848 1584 deshalb
866 1563 923 1593 ge-

255 1601 410 1639 schehen,
430 1599 505 1630 weil
526 1610 555 1630 u.
575 1609 600 1630 s.
620 1609 661 1629 w.
679 1617 723 1621 —
739 1608 861 1640 param
880 1616 924 1621 —

252 1647 409 1685 nimium,
445 1654 471 1676 s.
497 1643 550 1684 38,
579 1644 628 1683 17,
655 1644 709 1674 14:
742 1654 784 1674 ne
799 1653 923 1686 parum

252 1690 329 1722 inde
349 1690 481 1731 gloriae
497 1707 541 1711 ———
557 1700 599 1720 ue
615 1689 757 1720 nimium
776 1689 852 1720 belli
867 1690 922 1720 sit.

252 1735 362 1777 Scipio
382 1735 465 1766 wir-d
482 1735 565 1773 also,
585 1735 625 1765 da
639 1734 712 1765 kein
728 1732 853 1773 Hliiger
867 1744 925 1773 ge·

253 1791 313 1821 gen
330 1781 381 1811 ihn
397 1779 539 1819 austria,
554 1790 617 1811 von
633 1779 692 1810 der
707 1778 923 1810 Commission

252 1836 312 1865 gar
327 1826 415 1857 nicht
429 1836 489 1856 zur
499 1824 921 1865 Untersuchunggezogen,

252 1871 394 1902 sondern
414 1870 696 1910 stillschweigend
717 1868 922 1912 freigespro-

253 1917 344 1947 chen.
373 1934 417 1938 —
446 1926 621 1957 cognosc„
654 1914 851 1957 Epexegese
882 1925 923 1946 zu

254 1972 349 1993 onus.

301 2005 443 2037 12—13.
461 2005 656 2037 damnarer.
675 2005 772 2045 kann,
791 2005 830 2036 da
845 2004 921 2036 Ple-

251 2051 369 2082 minius
392 2051 457 2081 und
482 2051 532 2081 die
557 2051 694 2090 iibrigen
720 2050 920 2089 Schuldigen

250 2106 312 2127 vor
334 2096 387 2127 ein
411 2095 650 2135 Volksgericht
671 2095 808 2134 gestellt
838 2105 923 2125 wer·

251 2142 332 2180 den,
366 2151 393 2173 s.
412 2151 439 2171 c.
460 2140 512 2179 22,
532 2141 560 2181 Τ,
579 2151 639 2171 nur
658 2140 836 2171 bedenten:
871 2140 919 2170 sie

251 2187 432 2218 erkannten
452 2186 618 2216 dieselben
638 2186 717 2216 nach
738 2185 921 2224 angestell-

252 2237 304 2263 ter
329 2231 583 2270 Untersuehung
606 2228 660 2261 fiir
682 2231 831 2270 schuldig
860 2231 917 2261 das

252 2277 369 2316 gethan
396 2287 435 2307 zu
455 2276 573 2317 haben,
606 2276 762 2306 woriiber
780 2276 830 2306 die
851 2275 918 2306 Lo-

252 2322 332 2353 krcr
348 2322 484 2362 geklagt
503 2322 627 2351 hatten.
660 2320 732 2352 Nur
749 2321 857 2351 dieses
877 2331 917 2351 zu

250 2367 542 2398 erinittelnundiin
554 2364 917 2405 Fa11e‚dnssdie1{1age

249 2410 434 2452 gegriindct
449 2412 549 2449 ware,
564 2412 615 2442 die
625 2411 820 2450 Schuldigcn
837 2411 915 2441 nach

250 2457 329 2488 Rom
349 2468 389 2487 zu
407 2457 578 2495 schiekcn,
603 2466 673 2487 war
690 2457 740 2487 die
760 2456 916 2487 Commis-

252 2503 321 2533 sion
343 2500 540 2541 beanftragt,
559 2512 584 2532 s.
605 2512 631 2532 c.
653 2501 705 2540 20,
724 2502 761 2539 5;
792 2512 828 2532 es
848 2511 916 2532 war

253 2558 315 2577 nui·
337 2547 410 2577 eine
441 2557 512 2577 voni
538 2546 658 2577 senate
688 2547 914 2586 angeordnete

251 2590 585 2631 Voruntersuchung,
630 2591 725 2622 keine
765 2594 916 2633 quaestio

251 2637 535 2677 extraordinaria,
550 2647 591 2667 zu
605 2637 665 2668 der
679 2637 736 2668 das
744 2636 831 2669 Volk
846 2647 922 2668 vor-

1000 1474 1077 1504 war,
1095 1474 1120 1494 s.
1140 1462 1252 1503 Lange
1269 1463 1299 1501 2,
1319 1462 1382 1493 478
1402 1461 1436 1499 f.‚
1458 1462 1532 1493 152.
1565 1461 1599 1493 In
1619 1462 1667 1493 ei-

998 1518 1058 1539 ner
1077 1508 1210 1539 solchen
1233 1509 1344 1538 hiitten
1365 1508 1416 1538 dIe
1434 1506 1569 1539 Richter
1585 1507 1668 1538 end-

996 1554 1104 1593 giiltig
1121 1553 1333 1584 entscheiden
1354 1552 1494 1591 konnen,
1514 1563 1540 1584 s.
1563 1552 1594 1591 4,
1613 1552 1667 1592 51,

998 1598 1032 1637 33
1068 1599 1134 1638 vgl.
1160 1598 1213 1636 39,
1236 1598 1285 1637 14,
1305 1597 1336 1637 6,
1354 1598 1510 1628 wi‘ihrend
1531 1598 1571 1628 im
1590 1608 1668 1628 vor-

996 1644 1170 1684 liegenden
1202 1643 1296 1674 Falle
1326 1643 1376 1673 die
1408 1642 1668 1683 Verurtheilung

997 1690 1078 1719 oder
1097 1689 1362 1730 Freisprechung
1379 1688 1449 1719 dein
1465 1687 1572 1719 Volke
1591 1698 1669 1720 vor-

998 1734 1150 1765 behalten
1167 1734 1269 1772 wird3
1285 1733 1358 1764 eine
1369 1732 1586 1764 Provocation
1600 1743 1664 1765 von

997 1780 1069 1810 dein
1096 1778 1223 1812 Urtheil
1255 1779 1315 1810 der
1337 1777 1554 1809 Coinmission
1585 1778 1667 1818 liegt

997 1825 1067 1856 also
1088 1825 1176 1856 nicht
1194 1834 1265 1856 vor.
1283 1841 1326 1846 —
1344 1823 1451 1862 cultu,
1485 1824 1542 1854 das
1564 1834 1591 1854 e.
1614 1824 1665 1864 19,

1000 1870 1038 1901 12
1058 1870 1250 1901 Erwiihnte.
1265 1887 1308 1891 —
1322 1868 1438 1909 oculis,
1456 1879 1514 1900 aus
1530 1869 1666 1909 eigener

996 1916 1234 1954 Anschauung3
1263 1913 1474 1954 Gegenstand
1494 1915 1583 1945 ihrer
1601 1913 1666 1946 Un-

997 1962 1199 1999 tersuchung
1217 1969 1288 1990 war
1304 1970 1340 1990 es
1359 1960 1457 1990 nicht.

1040 2000 1109 2037 22.
1136 2004 1245 2036 1—2.
1278 2005 1503 2044 venientibus,
1541 2004 1591 2035 als
1616 2005 1663 2035 sie

996 2052 1077 2081 noch
1103 2054 1295 2088 unterwegs
1325 2059 1456 2087 war-eng
1493 2049 1576 2079 denn
1605 2049 1662 2080 das

995 2095 1083 2126 Heer
1106 2105 1176 2125 war
1198 2095 1229 2125 in
1259 2095 1310 2125 die
1336 2094 1452 2125 Sliidte
1482 2098 1662 2133 zerstreut,

995 2150 1021 2171 s.
1047 2151 1074 2171 c.
1102 2140 1129 2177 1,
1158 2139 1207 2179 14,
1232 2139 1284 2169 die
1304 2139 1416 2170 Flotte
1441 2143 1567 2170 musste
1591 2143 1663 2170 erst

992 2185 1145 2225 geriistet
1162 2185 1315 2223 werden3
1349 2186 1528 2224 venerunt,
1560 2184 1662 2215 wirk-

992 2230 1055 2261 lich
1074 2230 1263 2269 anlangten.
1282 2247 1326 2251 -—
1345 2232 1530 2270 tamquam,
1559 2239 1586 2260 s.
1603 2228 1624 2270 ξ
1642 2228 1661 2259 6

991 2286 1022 2306 u.
1049 2275 1100 2312 28,
1126 2275 1178 2314 43,
1203 2275 1233 2306 4.
1256 2292 1301 2297 —
1324 2276 1469 2317 acceptis
1485 2275 1604 2314 gehb‘rt
1620 2285 1662 2305 zu

992 2320 1149 2360 ostendit,
1168 2319 1219 2351 die
1240 2319 1453 2359 Verbindung
1471 2330 1533 2360 quo
1551 2318 1605 2351 die
1618 2337 1661 2342 -

986 2369 1125 2409 postero
1143 2365 1196 2397 dle
1214 2369 1296 2396 statt
1312 2375 1386 2396 cum
1406 2375 1443 2396 eo
1466 2364 1520 2396 dfe
1542 2383 1584 2387 —
1604 2375 1659 2395 ac-

990 2414 1079 2453 cepli
1095 2413 1222 2447 essent,
1256 2413 1395 2453 postero
1419 2409 1472 2441 dle
1488 2411 1531 2440 2'1'8
1549 2412 1661 2440 osten-

987 2456 1036 2488 dit
1054 2457 1096 2487 ist
1113 2461 1217 2487 etwas
1237 2456 1318 2486 hart.
1334 2457 1535 2498 —postero‚
1552 2454 1659 2494 gleich

987 2511 1037 2532 nin
1058 2500 1250 2540 folgenden,
1283 2510 1335 2531 uin
1355 2510 1395 2530 zu
1414 2500 1546 2539 zeigen,
1581 2500 1657 2530 dass

989 2557 1027 2577 er
1051 2546 1146 2577 keine
1172 2545 1418 2584 Vorbereitung
1443 2542 1590 2575 bediirfe.
1615 2562 1658 2566 —

988 2591 1180 2623 decem-rent.
1203 2609 1247 2613 —-
1270 2589 1438 2628 simulac„
1475 2588 1525 2629 26,
1549 2589 1600 2630 51,
1625 2588 1656 2619 8.

992 2654 1035 2659 —
1053 2637 1125 2678 laos,
1142 2635 1179 2667 Z.
1197 2634 1218 2677 ξ
1236 2634 1312 2666 700.
1327 2652 1371 2658 —
1388 2637 1421 2666 et
1436 2636 1559 2678 ipsum,
1581 2633 1657 2665 weil

1695 836 1735 869 10

1695 1117 1733 1150 15
