1784 2967
661 182 787 215 LIBER
812 182 942 215 XXIX.
991 183 1082 216 CAP.
1109 183 1140 215 4.
1462 200 1488 217 a.
1503 200 1531 218 u.
1544 192 1606 219 549.

206 189 287 229 250

205 295 381 341 coeptae3
403 286 448 326 ad
466 285 689 336 Philippum
711 296 865 336 quoque
885 285 1010 332 missi,
1033 285 1099 336 qui
1120 285 1284 324 ducenta
1304 284 1451 335 argenti
1471 284 1610 324 talenta

157 353 177 384 5
204 346 485 397 pollicerentur,
507 346 549 380 ut
570 342 608 379 in
631 340 799 380 Siciliam
821 346 886 380 aut
906 341 945 380 in
965 341 1112 381 Italiam
1135 341 1330 388 traiceret,
1371 341 1482 379 missi
1503 345 1542 379 et
1561 340 1609 379 ad

205 415 298 441 suos
320 403 573 450 imperatores
594 399 634 436 in
655 397 819 445 Italiam,
856 402 899 436 ut
919 398 1024 436 omni
1045 403 1194 436 terrore
1216 397 1439 448 Scipionem
1467 397 1610 436 retine-

157 464 177 495 6
203 463 306 503 rent,
346 456 391 495 ad
413 455 614 504 Magonem
637 465 717 492 non
737 454 848 504 legati
869 455 1000 501 modo,
1022 455 1090 493 sed
1111 467 1184 492 xxv
1205 454 1342 504 longae
1363 466 1498 499 naveS‚
1541 466 1608 492 sex

203 513 320 553 millia
342 511 534 563 peditum,
577 510 787 560 octingenti
808 511 955 561 equites
978 516 1014 549 et
1036 515 1184 561 septem
1206 509 1415 561 elephanti,
1458 509 1504 548 ad
1533 509 1610 548 hoc

202 581 341 619 magna
369 567 530 619 pecunia
560 566 606 605 ad
633 567 883 605 conducenda
913 567 1068 614 auxilia,
1110 567 1250 618 quibus
1285 566 1407 605 fretus
1444 565 1609 616 propius

201 626 337 664 urbem
355 624 569 662 Romanam
593 623 800 662 exercitum
821 623 1045 662 admoveret
1061 623 1388 673 coniungeretque
1404 634 1444 660 se
1460 621 1612 660 Hanni—

157 691 173 720 7
201 681 288 720 bali.
311 681 405 719 haec
425 679 650 729 Carthagine
671 679 857 729 parabant
878 679 1166 730 agitabantque3
1188 680 1235 718 ad
1256 679 1425 718 Laelium
1447 678 1610 729 praedas

202 737 368 788 ingentis
402 749 447 775 ex
474 748 565 786 agro
595 735 732 773 inermi
759 747 802 773 ac
828 736 934 774 nudo
964 736 1165 786 praesidiis
1194 740 1372 786 agentem
1395 734 1609 779 Masinissa,

155 803 174 835 8
201 794 301 832 fama
323 793 523 832 Romanae
551 791 685 830 classis
716 791 879 838 excitus,
921 803 1009 830 cum
1038 791 1229 842 equitibus
1258 791 1391 842 paucis
1419 791 1533 829 venit.
1576 790 1609 828 is

203 850 372 900 segniter
391 861 473 888 rem
495 848 553 897 agi
570 847 616 886 ab
635 847 818 898 Scipione
835 853 1008 898 questus,
1032 848 1135 898 quod
1155 849 1256 897 [tam]
1274 859 1354 886 non
1371 847 1446 886 iam
1463 846 1610 885 exerci-

202 912 285 945 tum
308 906 346 944 in
368 905 535 943 Africam
557 904 781 949 traiecisset,
803 904 992 954 perculsis
1014 903 1404 954 Carthaginiensibus,
1436 903 1611 953 Syphace

202 962 389 1013 impedito
408 960 594 999 finitumis
613 960 732 1007 bellis,
755 972 868 1011 quem
887 965 1032 999 certum
1051 959 1203 1007 habere,
1227 960 1260 998 si
1277 961 1443 1010 spatium
1463 959 1508 997 ad
1526 971 1608 1003 sua,

202 1024 246 1058 ut
279 1018 382 1064 velit,
418 1017 687 1068 componenda
718 1017 846 1062 detur,
884 1016 979 1055 nihil
1014 1016 1160 1055 sincera
1198 1016 1271 1054 fide
1302 1027 1388 1054 cum
1422 1014 1609 1053 Romanis

155 1082 175 1113 9
204 1080 399 1119 acturum,
435 1074 657 1112 hortaretur
682 1078 718 1111 et
745 1072 959 1111 stimularet
986 1073 1228 1123 Scipionem,
1257 1084 1306 1110 ne
1334 1075 1519 1117 cessaret,
1556 1083 1610 1116 se,

205 1143 441 1182 quamquam
462 1141 582 1179 regno
605 1129 739 1180 pulsus
763 1134 882 1175 esset,
923 1142 1010 1168 cum
1039 1129 1140 1167 haud
1170 1127 1464 1167 contemnendis
1488 1126 1610 1177 copiis

204 1187 426 1226 adfuturum
448 1186 620 1237 peditum
650 1185 921 1236 equitumque3
962 1197 1033 1224 nec
1055 1185 1130 1236 ipsi
1158 1184 1284 1223 Laelio
1314 1183 1546 1222 morandum
1574 1183 1613 1221 in

203 1243 328 1282 Africa
351 1255 454 1281 esse:
496 1242 657 1280 classem
680 1242 835 1280 credere
855 1241 1068 1292 profectam
1098 1254 1117 1279 a
1140 1240 1383 1290 Carthagine,
1426 1252 1514 1277 cum
1538 1250 1612 1290 qua

134 1307 175 1339 10
203 1300 361 1338 absente
389 1298 571 1349 Scipione
598 1309 678 1336 non
708 1298 802 1336 satis
829 1303 957 1336 tutum
986 1311 1070 1336 esse
1106 1297 1282 1335 contrahi
1320 1301 1523 1334 certamen.
1565 1294 1612 1333 ab

200 1357 277 1395 hoc
297 1367 478 1394 sermone
499 1354 661 1392 dimisso
678 1354 879 1392 Masinissa
901 1354 1050 1392 Laelius
1071 1358 1229 1404 postero
1252 1352 1311 1390 die
1331 1364 1448 1390 naves
1471 1351 1612 1401 praeda

202 1417 362 1451 onustas
385 1411 430 1449 ab
451 1411 633 1461 Hippone
655 1410 780 1457 solvit,
801 1415 1051 1461 revectusque
1072 1412 1111 1448 in
1134 1408 1302 1447 Siciliam
1323 1407 1502 1446 mandata
1526 1407 1611 1446 Sci-

202 1468 309 1519 pioni
330 1467 520 1518 exposuit.

944 1565 1135 1608 Festungen
1161 1565 1352 1605 geschiitzt,
1386 1574 1413 1595 s.
1432 1562 1611 1594 Mommsen

948 1613 976 1651 1,
994 1610 1077 1649 4983
1097 1611 1217 1642 anders
1232 1609 1285 1649 27,
1300 1609 1353 1650 41,
1366 1609 1402 1639 4:
1421 1608 1519 1640 colles
1532 1606 1616 1639 nudi

944 1674 988 1679 —
1005 1656 1190 1687 Masinissa
1206 1651 1283 1693 etc„
1301 1655 1382 1685 nach
1400 1664 1428 1684 c.
1449 1652 1499 1693 33,
1517 1652 1536 1683 9
1553 1661 1613 1683 aus

201 1568 328 1600 hereits
367 1578 431 1599 von
465 1566 546 1598 Rom
584 1565 770 1606 abgefallen
810 1566 871 1597 sei.

200 1615 265 1644 wie
288 1623 361 1644 man
387 1613 466 1643 nach
482 1611 679 1654 firmandae
703 1615 871 1642 erwarten

200 1659 346 1697 miisste,
370 1657 438 1697 vgl.
456 1656 476 1697 ξ
495 1656 533 1694 83
566 1667 593 1687 c.
612 1656 665 1694 24,
685 1656 714 1695 3,
734 1657 777 1687 ist
794 1666 871 1686 vor-

201 1705 260 1734 her
274 1703 363 1734 nicht
376 1702 550 1741 berichtet,
565 1712 591 1733 s.
607 1712 634 1732 0.
651 1700 680 1741 3,
698 1701 755 1739 14,
772 1700 824 1739 23,
840 1701 871 1732 5.

248 1747 346 1778 5-6.
371 1746 417 1778 ad
432 1758 513 1778 suos
538 1747 579 1777 im
600 1745 811 1786 Gegensatze
831 1756 872 1776 zu

203 1793 264 1823 den
294 1792 376 1823 eben
404 1791 597 1822 erw‘eihnten
627 1791 804 1822 Fremden.
828 1808 873 1812 —

202 1834 305 1869 ad'—
320 1838 356 1868 in
374 1836 462 1876 Ital„
487 1846 513 1867 s.
533 1836 585 1875 30,
608 1835 659 1875 13,
678 1836 715 1874 8,
750 1835 802 1876 28,
819 1834 872 1874 26,

205 1883 264 1920 123
299 1881 353 1921 21,
378 1882 431 1918 49,
450 1882 482 1912 3.
499 1881 682 1922 —longae
698 1892 743 1919 72.,
768 1890 873 1920 unge-

202 1927 388 1958 wiihnliche
406 1925 666 1966 VVortstellung.
707 1926 805 1957 Nicht
821 1925 873 1956 die

202 1972 405 2011 Absendung
418 1972 477 2002 der
491 1970 622 2010 Schilfe,
642 1981 668 2001 s.
683 1970 736 2010 28,
751 1970 805 2009 46,
823 1970 873 2012 10,

203 2017 347 2048 sondern
376 2017 428 2046 die
462 2016 522 2046 der
554 2015 709 2057 Truppen
744 2016 788 2046 ist
821 2015 872 2045 die

202 2061 428 2102 Hauptsache3
463 2061 545 2091 (10011
564 2061 686 2091 konnte
705 2060 812 2097 diese,
833 2060 873 2090 da

203 2107 254 2137 die
278 2105 431 2147 Truppen
457 2109 528 2136 erst
549 2104 759 2144 ausgehoben
784 2114 872 2134 wer-

204 2152 265 2182 den
281 2156 441 2190 mussten,
463 2160 489 2180 s.
506 2149 526 2191 ξ
542 2150 571 2189 7,
594 2150 654 2180 wol
669 2150 756 2180 nicht
770 2149 871 2180 sehon

202 2196 360 2227 wiihrend
379 2196 438 2226 der
455 2195 693 2226 Anwesenheit
711 2195 768 2225 des
787 2193 872 2225 Lae-

202 2242 278 2279 lius,
297 2241 377 2271 nach
396 2251 424 2271 0.
444 2240 472 2279 5,
491 2239 652 2279 erfolgen.
670 2258 714 2262 —
728 2242 761 2270 et
776 2242 873 2282 sept„

205 2296 232 2317 s.
250 2285 304 2323 26,
323 2285 453 2326 36,11;
484 2285 662 2325 7,15,12;
688 2284 718 2323 8,
738 2284 791 2323 33,
811 2284 871 2322 233

205 2331 258 2370 27,
278 2330 330 2370 36,
350 2330 407 2368 12,
428 2330 481 2369 2-1,
500 2329 554 2367 21,
574 2330 610 2368 33
633 2330 683 2368 10,
703 2329 732 2368 2,
752 2329 789 2367 83
820 2329 873 2368 37,

206 2375 258 2414 53,
286 2375 336 2413 12,
362 2374 430 2414 vgl.
459 2385 499 2405 zu
523 2374 604 2406 Sall.
628 2374 651 2406 I.
682 2374 731 2412 14,
761 2374 811 2404 11.
829 2392 874 2396 —-

204 2421 347 2462 propius
369 2421 462 2459 urb.‚
496 2420 615 2451 weiter
637 2420 717 2451 nach
743 2418 872 2457 Siiden3

207 2474 267 2494 zur
285 2465 388 2495 Sache
408 2475 433 2495 s.
453 2465 503 2504 27,
523 2465 553 2505 5,
576 2464 625 2495 12.

252 2509 383 2539 7—10.
413 2510 531 2551 parab.
554 2512 648 2550 agit„
672 2510 739 2549 vgl.
764 2508 817 2548 21,
844 2508 872 2549 7,

209 2552 238 2582 1.
267 2570 310 2575 -
338 2555 478 2593 inermi,
507 2555 635 2586 erkliirt
658 2555 758 2585 durch
782 2553 871 2585 nudo

207 2598 354 2638 praesid.
367 2623 374 2637 ,
409 2599 497 2630 nicht
514 2600 615 2630 durch
634 2599 789 2642 Truppen
808 2599 873 2630 und

945 1701 1004 1732 der
1023 1700 1158 1740 Gegend
1183 1701 1242 1731 der
1258 1698 1452 1740 Emporien,
1488 1697 1538 1728 die
1558 1696 1615 1737 je-

945 1746 1026 1777 doch
1043 1756 1105 1776 von
1122 1745 1226 1786 Hippo
1241 1743 1361 1783 Regius
1376 1743 1454 1774 weit
1468 1740 1615 1774 cntfernt

946 1791 1036 1829 sind,
1057 1790 1277 1821 erkliirlicher
1295 1789 1384 1819 w'are
1399 1788 1450 1819 die
1464 1784 1616 1818 Ankunft

945 1845 1004 1867 aus
1031 1836 1153 1866 seiuem
1180 1834 1312 1866 Reiche.
1332 1851 1374 1855 —
1396 1835 1547 1874 questas,
1573 1831 1612 1862 ob

946 1883 998 1912 est
1020 1879 1245 1920 ausgefallen,
1279 1879 1360 1910 oder
1380 1888 1443 1909 von
1463 1877 1500 1908 L.
1525 1876 1615 1907 nicht

946 1930 1122 1965 zugesetzt
1156 1926 1210 1964 ist,
1251 1925 1329 1955 oder
1364 1922 1403 1954 ob
1439 1923 1491 1953 ein
1521 1921 1614 1953 verb.

946 1971 1028 2001 finit.
1048 1968 1158 2009 folgen
1184 1969 1299 2007 sollte,
1330 1967 1416 1998 liisst
1438 1968 1506 1998 sich
1525 1967 1615 1997 nicht

945 2015 1055 2046 sicher
1078 2014 1307 2051 entscheiden,
1341 2012 1405 2051 vgl.
1431 2011 1484 2050 27,
1508 2011 1562 2050 49,
1581 2010 1612 2042 8.

943 2077 989 2083 —
1007 2062 1076 2090 tam
1094 2058 1174 2090 fehlt
1191 2059 1222 2089 in
1240 2058 1413 2089 mehreren
1432 2056 1519 2092 Hss,
1540 2065 1612 2086 man

944 2105 1067 2136 kb'nnte
1091 2114 1157 2135 non
1181 2106 1252 2134 tum
1275 2104 1344 2133 iam
1367 2105 1545 2132 erwarten.
1568 2118 1613 2122 —

945 2152 1075 2181 certum
1093 2149 1136 2187 l1.‚
1156 2159 1181 2179 s.
1203 2148 1255 2186 36,
1275 2146 1328 2187 28,
1347 2147 1383 2177 4:
1408 2149 1538 2177 certam
1554 2145 1613 2176 Iza-

945 2196 1003 2226 beo
1023 2197 1054 2225 te
1070 2193 1303 2236 imprudentia
1320 2191 1387 2223 labi
1397 2202 1404 2230 3
1430 2191 1483 2228 44,
1502 2190 1554 2230 39,
1573 2190 1611 2227 73

945 2240 1025 2271 doch
1045 2239 1146 2270 haben
1165 2248 1205 2269 an
1224 2249 1255 2269 u.
1272 2238 1321 2268 St.
1340 2237 1391 2268 die
1410 2236 1483 2267 Hss.
1500 2236 1612 2267 incer-

948 2288 1036 2324 tum,
1060 2284 1124 2315 und
1150 2294 1186 2314 es
1210 2284 1254 2314 ist
1271 2280 1546 2313 wahrscheinlich
1564 2284 1614 2310 et-

944 2339 1014 2360 was
1033 2327 1250 2368 ausgesallen.
1275 2327 1365 2359 Gron
1383 2336 1486 2358 verm.
1503 2327 1612 2357 incer-

946 2378 1016 2406 tum
1035 2375 1184 2405 haerere.
1203 2391 1248 2396 —
1264 2375 1397 2404 sincera
1409 2372 1450 2412 f„
1470 2381 1507 2402 er
1524 2380 1612 2400 wer-

946 2420 985 2450 de
1002 2420 1059 2450 das
1075 2418 1236 2449 Biindniss
1254 2419 1342 2448 nicht
1361 2416 1482 2455 halten,
1501 2426 1527 2446 s.
1547 2414 1568 2456 ξ
1582 2414 1613 2446 4.

946 2483 990 2487 -
1005 2475 1110 2506 regno
1127 2464 1225 2506 puls„
1245 2473 1271 2494 s.
1287 2473 1313 2493 0.
1325 2461 1407 2493 2911.
1422 2479 1465 2484 —-
1478 2461 1613 2491 absente

944 2508 1008 2548 Sc.,
1033 2510 1063 2540 in
1088 2508 1325 2540 Abwesenheit
1353 2507 1410 2537 des
1434 2503 1613 2537 Oberseld-

946 2555 1063 2596 herrn,
1095 2564 1121 2585 S.
1147 2553 1240 2585 Caes.
1266 2553 1300 2583 Β.
1325 2552 1362 2585 C.
1387 2550 1416 2589 2,
1444 2551 1496 2592 17,
1518 2550 1549 2581 2.
1568 2567 1612 2572 -

945 2601 986 2630 ab
1004 2600 1034 2631 lz.
1053 2610 1094 2639 s.,
1113 2609 1140 2630 s.
1159 2598 1212 2638 28,
1233 2597 1283 2639 19,
1302 2597 1333 2628 9.

1641 796 1682 829 10

1642 1079 1682 1112 15

1640 1361 1683 1393 20
