1784 2967
92 227 118 245 a.
135 218 188 245 Ch.
203 218 264 244 210.

565 207 694 241 LIBER
710 205 837 240 XXVI.
870 207 961 240 CAP.
981 208 1034 240 39.

1418 208 1500 248 295

92 316 200 350 erant
232 322 366 357 naves,
400 315 444 350 ut
478 310 540 349 vix
574 309 693 349 ullum
728 309 846 348 telum
881 308 921 347 in
947 310 1044 349 mari
1070 321 1208 349 vanum
1237 309 1500 357 intercideret3

90 367 285 407 frontibus
313 367 415 406 velut
440 366 631 419 pedestris
659 365 757 405 acies
785 365 990 416 urgebant,
1024 367 1251 418 perviaeque
1278 379 1393 405 naves
1422 378 1499 418 pu-

92 423 268 475 gnatibus
291 429 412 462 erant.
453 423 616 474 insignis
637 426 768 461 tamen
790 421 889 460 inter
911 427 1054 461 ceteras
1075 435 1205 473 pugna
1227 423 1300 462 fuit
1321 423 1497 471 duarum,

92 493 189 531 quae
204 480 352 532 primae
367 480 564 531 agminum
582 483 858 518 concurrerant
873 478 973 516 inter
985 491 1037 517 se.
1068 479 1107 517 in
1120 479 1294 518 Romana
1307 492 1402 518 nave
1414 480 1499 531 ipse

93 537 294 584 Quinctius
326 542 426 583 erat,
453 537 492 575 in
521 535 730 574 Tarentina
751 535 865 581 Nico,
894 534 953 573 cui
975 535 1139 574 Perconi
1166 536 1239 574 fuit
1266 548 1496 587 cognomen,

91 605 172 632 non
200 593 355 644 publico
382 593 500 632 modo
523 592 588 631 sed
611 592 759 643 privato
782 591 896 630 etiam
919 591 1007 629 odio
1030 591 1178 630 invisus
1201 597 1313 642 atque
1335 593 1498 631 infestus

90 650 293 696 Romanis,
317 649 420 700 quod
439 649 520 687 eius
536 648 715 687 factionis
733 653 825 695 erat,
844 660 939 698 quae
955 648 1166 687 Tarentum
1184 648 1387 687 Hannibali
1404 661 1499 699 pro-

91 706 250 745 diderat.
290 705 353 744 hic
369 705 592 753 Quinctium
616 705 731 743 simul
753 709 988 756 pugnantem
1012 705 1312 755 hortantemque
1328 717 1421 743 suos
1438 706 1499 743 in·
1532 714 1571 745 16

94 767 246 801 cautum
274 762 384 801 hasta
411 762 614 812 transfigit.
657 766 770 812 atque
797 761 856 799 ille
877 773 1061 812 praeceps
1083 773 1172 799 cum
1195 761 1312 799 armis
1334 762 1502 812 procidit

92 824 180 857 ante
201 830 376 869 proram,
397 818 521 857 victor
543 818 776 857 Tarentinus
800 818 839 856 in
859 817 1053 856 turbatam
1077 818 1173 856 duce
1194 818 1340 856 amisso
1362 830 1499 856 navem
1532 830 1569 861 17

89 875 239 926 inpigre
267 880 536 925 transgressus
559 887 647 914 cum
670 875 946 913 summovisset
966 874 1104 920 hostis,
1130 880 1166 912 et
1187 886 1303 924 prora
1326 873 1399 912 iam
1423 874 1500 912 Ta-

89 931 331 970 rentinorum
366 937 489 977 esset,
525 931 689 982 puppim
723 931 822 969 male
851 931 1067 980 conglobati
1094 935 1295 968 tuerentur
1320 930 1497 976 Romani,

89 993 245 1038 repente
276 993 314 1026 et
336 988 406 1026 alia
427 1000 447 1026 a
468 1000 599 1038 puppe
618 987 790 1026 triremis
812 987 984 1025 hostium
1007 987 1195 1037 apparuit.
1238 987 1288 1025 ita
1309 986 1347 1024 in
1370 987 1497 1024 medio
1531 995 1570 1027 18

91 1044 348 1083 circumventa
370 1044 542 1083 Romana
569 1044 677 1083 navis
707 1044 864 1094 capitur.
906 1043 996 1081 hinc
1017 1043 1153 1081 ceteris
1174 1048 1302 1081 terror
1321 1043 1498 1089 iniectus,

92 1100 147 1139 uti
175 1100 407 1150 praetoriam
438 1106 574 1139 navem
602 1105 752 1151 captam
774 1100 920 1146 videre,
950 1099 1219 1150 fugientesque
1239 1099 1387 1149 passim
1408 1099 1500 1138 aliae

89 1157 127 1195 in
150 1157 224 1195 alto
247 1169 408 1203 mersae,
431 1157 522 1195 aliae
542 1156 581 1195 in
602 1162 742 1195 terram
764 1156 882 1195 remis
905 1155 1085 1207 abreptae
1107 1168 1197 1194 mox
1215 1156 1376 1207 praedae
1392 1156 1500 1194 fuere

91 1213 274 1251 Thurinis
291 1213 654 1264 Metapontinisque.
696 1225 741 1251 ex
759 1213 957 1259 onerariis,
981 1224 1077 1263 quae
1095 1225 1181 1250 cum
1201 1217 1419 1250 commeatu
1437 1225 1499 1250 se-

91 1269 321 1320 quebantur,
342 1282 558 1320 perpaucae
578 1271 617 1307 in
639 1274 872 1320 potestatem
895 1269 1068 1307 hostium
1091 1282 1241 1314 venere,
1265 1269 1356 1307 aliae
1374 1269 1418 1307 ad
1438 1268 1500 1307 in-

90 1330 217 1364 certos
238 1330 375 1364 ventos
396 1326 486 1364 hinc
507 1331 620 1377 atque
641 1326 744 1364 illinc
766 1325 920 1376 obliqua
936 1326 1213 1364 transferentes
1230 1325 1308 1363 vela
1326 1325 1364 1363 in
1381 1325 1499 1364 altum

88 1458 165 1480 rern
201 1449 260 1480 der
292 1447 491 1479 feindlichen
517 1448 656 1489 Schiffe,
692 1449 756 1489 die,

89 1503 184 1525 wenn
210 1494 257 1525 sie
281 1494 415 1525 starker
437 1503 567 1533 waren,
597 1495 678 1525 auch
704 1494 755 1525 die

88 1539 319 1579 Bewegungen
345 1539 404 1569 der
421 1543 618 1579 geenterten
637 1539 755 1570 Schiffe

88 1583 308 1615 bestimmten.
350 1584 418 1615 Der
445 1594 549 1624 ganze
580 1584 659 1615 Satz
689 1584 756 1615 und

88 1629 147 1660 der
163 1627 260 1669 folg.:
286 1632 333 1660 ita
346 1631 379 1661 in
393 1632 478 1667 arto,
505 1630 634 1660 enthiilt
654 1639 755 1672 asyn-

88 1674 215 1705 detisch
257 1674 330 1705 eine
368 1674 506 1705 weitere
539 1672 756 1714 Ausfiihrung

90 1719 154 1749 und
179 1719 369 1759 Erkli‘irung
390 1729 454 1750 von
478 1718 604 1760 gladiis
633 1737 676 1741 —
695 1730 759 1761 ge-

90 1766 227 1795 reretm·
250 1774 317 1795 res.
335 1782 380 1786 —-
398 1764 501 1795 telam
525 1762 757 1805 XVurfspiesse

89 1808 152 1839 und
173 1806 287 1839 Pseile.
311 1826 356 1830 ——
377 1808 546 1848 intercisi„
571 1808 607 1847 3,
634 1809 689 1845 10,
720 1808 757 1847 6;

90 1853 150 1894 21,
169 1853 206 1892 8,
226 1854 257 1884 9.
275 1853 519 1896 —pedestrz‘s,
543 1863 569 1884 s.
589 1853 647 1891 24,
667 1854 702 1891 5,
723 1854 759 1885 5:

89 1900 323 1930 convenientis.
341 1900 476 1941 urgeb„
495 1899 546 1929 die
565 1898 684 1929 Schiffe
703 1909 758 1929 su<

90 1944 169 1974 chen
180 1943 407 1985 wieTruppen
422 1955 462 1974 zu
477 1943 588 1975 Lande
603 1944 761 1975 einander

88 1998 148 2019 aus
163 1989 253 2019 ihren
269 1988 460 2020 Positionen
479 1999 520 2019 zu
537 1989 756 2029 verdri‘ingen,

90 2044 117 2065 s.
143 2033 202 2072 22,
226 2033 285 2073 47,
304 2033 338 2064 3:
362 2036 396 2065 in
420 2033 592 2065 dev-aetum
613 2036 759 2065 nitentes

90 2083 171 2117 etc.,
189 2078 241 2109 die
258 2088 375 2118 grosse
392 2078 484 2110 N'ahe
503 2078 662 2119 bewirkt‚
681 2079 757 2110 dass

91 2123 144 2154 die
169 2123 327 2154 Soldaten
352 2124 453 2155 leicht
480 2134 543 2155 von
569 2124 674 2155 einem
703 2122 763 2155 auf

94 2168 151 2198 das
169 2168 291 2199 andere
311 2166 508 2208 (feindliche)
525 2168 629 2200 Schiff
642 2169 759 2209 gelan-

93 2222 155 2252 gen
173 2212 329 2244 konnten.
345 2231 391 2235 —
406 2215 591 2255 urgebant,
615 2214 759 2246 absolut.

91 2275 137 2280 —-
150 2259 296 2300 perviae,
314 2258 434 2289 anders
453 2258 505 2297 30,
528 2258 579 2297 10,
598 2259 629 2290 5.

140 2302 217 2333 14—
231 2302 282 2333 17.
314 2304 404 2335 inter
420 2306 480 2334 cet.
499 2307 541 2334 st.
564 2306 653 2336 inter·
676 2307 761 2336 cete-

92 2357 213 2379 rarum
227 2358 376 2390 pugnas.
394 2366 438 2370 —
454 2351 552 2391 prim.
571 2359 644 2390 agn,
663 2349 760 2390 jedes

92 2402 134 2424 an
152 2392 212 2424 der
226 2393 340 2433 Spitze
355 2393 412 2423 des
427 2392 529 2433 Zugs.
546 2411 592 2416 —-
608 2394 760 2436 Perconi,

94 2438 153 2469 der
167 2437 268 2469 Name
288 2438 332 2469 ist
344 2438 396 2479 25,
411 2437 440 2476 8,
457 2438 576 2470 3nicht
592 2439 760 2479 benierkt3

90 2483 221 2526 publico
250 2487 326 2522 etc,
356 2483 398 2514 ib.
428 2482 448 2525 ξ
476 2483 503 2515 1.
527 2502 570 2506 —
593 2484 692 2516 int-is.
717 2503 762 2507 —

92 2528 172 2568 inf„
201 2528 488 2568 wechselseitiger
510 2529 612 2569 Hass,
642 2530 705 2561 wie
730 2528 762 2569 2,

94 2572 152 2614 56,
176 2573 213 2611 5,
233 2573 299 2614 vgl.
319 2574 352 2614 5,
379 2572 415 2613 8,
440 2574 470 2604 0.
494 2578 763 2617 —pugnantem

93 2617 144 2659 Ιι.,
161 2628 188 2649 s.
206 2618 243 2660 4,
261 2618 319 2661 41,
337 2619 374 2658 4,
393 2619 438 2650 ist
453 2620 628 2651 inc-autum
643 2625 763 2652 unter-

829 1449 1007 1489 geordnet,
1034 1449 1135 1479 daher
1154 1449 1384 1491 asyndetisch:
1410 1449 1502 1479 w'zih-

831 1494 914 1525 bend
948 1494 1006 1524 des
1038 1492 1194 1535 Hampfes
1227 1512 1272 1517 ——
1304 1494 1500 1534 ungedeckt,

829 1539 896 1579 vgl.
924 1539 959 1577 2,
988 1539 1047 1579 20,
1076 1539 1110 1578 13
1137 1539 1179 1569 ib.
1208 1539 1262 1581 19,
1288 1539 1317 1572 6.
1340 1542 1502 1581 —atque

829 1584 899 1625 ille,
930 1584 986 1615 das
1017 1584 1089 1615 hds.
1120 1583 1174 1615 ille
1196 1586 1295 1626 atque
1323 1584 1407 1615 l'zisst
1431 1584 1501 1615 sich

831 1629 1027 1660 schwerlich
1052 1643 1098 1655 =
1121 1629 1175 1660 ille
1203 1631 1321 1660 statim
1352 1630 1500 1669 nehmen,

830 1675 870 1705 da
887 1677 988 1715 atque
1012 1674 1096 1704 daun
1115 1675 1355 1706 vox-ausstehen
1374 1674 1499 1716 wiirde,

832 1730 858 1750 s.
892 1719 951 1758 32,
989 1719 1044 1761 10,
1079 1718 1116 1759 S,
1147 1720 1319 1750 entweder
1347 1720 1417 1750 sind
1449 1719 1499 1750 ‹lie

833 1763 953 1795 Worte
971 1764 1192 1794 umzustellen
1213 1765 1294 1795 oder
1312 1769 1406 1795 sonst
1423 1774 1501 1795 ver-

832 1809 967 1839 dorben.
984 1826 1029 1830 -—
1044 1809 1173 1851 procid.
1191 1820 1221 1840 α.
1237 1820 1289 1851 p.,
1316 1810 1395 1840 nach
1414 1819 1498 1841 vorn

832 1864 909 1893 vor,
939 1853 1021 1884 iiber
1045 1854 1103 1884 das
1128 1853 1342 1885 Vordertheil
1367 1854 1432 1885 fiel.
1457 1873 1499 1877 —

830 1899 932 1937 male,
960 1908 986 1929 s.
1010 1898 1043 1938 l,
1062 1898 1121 1938 25,
1143 1898 1201 1938 123
1221 1898 1280 1937 35,
1299 1898 1501 1939 49,10‚ge-

832 1945 905 1975 ho'rt
921 1954 962 1974 zu
980 1946 1167 1975 tuerentur.

880 1988 1033 2019 18-19.
1068 1989 1160 2030 hinc,
1189 1989 1220 2020 in
1246 1988 1350 2029 Folge
1380 1989 1499 2028 davon,

830 2035 931 2065 durch
950 2034 1007 2065 das
1026 2033 1134 2073 Folg.,
1154 2044 1206 2064 wo
1226 2035 1285 2065 der
1301 2034 1499 2066 Nachdruck

831 2077 891 2110 auf
900 2080 1076 2122 praetoria
1094 2079 1183 2120 liegt,
1202 2080 1304 2110 niiher
1321 2079 1499 2111 bestimmt.

830 2143 875 2147 —-
892 2125 1012 2155 ceteris
1038 2135 1068 2154 n.
1092 2125 1245 2162 natibus,
1272 2135 1298 2155 s.
1323 2124 1396 2166 §9²
1428 2126 1501 2155 ani-

831 2169 1181 2201 7nz’s.——adz'71c.2·ent.
1197 2170 1316 2208 gehb'rt
1331 2180 1371 2200 zu
1387 2172 1498 2200 trans-

828 2216 998 2257 ferentes:
1029 2216 1158 2254 gemiiss
1183 2216 1244 2245 den
1267 2214 1499 2248 wechselndeu

834 2259 979 2292 Winden
1012 2259 1210 2290 umstellend
1242 2260 1307 2290 und
1340 2268 1432 2289 zwar
1467 2259 1498 2289 in

833 2305 991 2344 schriiger
1006 2303 1177 2343 Richtung,
1198 2304 1271 2334 bald
1291 2304 1370 2334 nach
1390 2304 1501 2335 dieser

833 2350 908 2381 bald
927 2350 1007 2380 nach
1021 2349 1122 2389 jener
1139 2349 1229 2380 Seite.
1248 2349 1407 2389 drehend,
1431 2349 1499 2388 vgl.

833 2394 935 2435 Verg.
955 2397 1037 2426 Aen.
1063 2395 1098 2434 5,
1125 2393 1205 2424 83οτ
1235 2395 1430 2437 pariterque
1453 2395 1501 2425 si-

832 2442 962 2471 nistros
979 2449 1067 2470 mmc
1089 2438 1230 2470 deartros
1248 2438 1375 2470 solvere
1393 2440 1499 2470 st'mts.

833 2503 877 2507 -
892 2485 998 2526 οὺίίᾳ.,
1014 2484 1089 2515 weil
1105 2484 1152 2515 sie
1165 2485 1223 2515 mit
1237 2484 1365 2514 halbem
1375 2483 1497 2515 &vinde

834 2530 970 2570 seegeln
988 2529 1132 2560 iniissen.
1149 2547 1194 2551 —
1210 2528 1280 2560 vela
1302 2528 1405 2560 neben
1425 2529 1499 2560 dem

833 2575 954 2615 Seegel
991 2584 1040 2605 am
1074 2574 1267 2615 Hauptmast
1300 2574 1410 2605 hatten
1445 2574 1498 2605 die

835 2619 954 2651 Schiffe
968 2619 1172 2660 gewb'hnlich
1190 2619 1270 2650 noch
1289 2620 1341 2650 ein
1359 2619 1497 2650 zweites

1530 432 1571 464 14

1531 488 1569 519 15

1530 1223 1570 1255 19
