<?xml version="1.0" encoding="UTF-8"?>
<!DOCTYPE html PUBLIC "-//W3C//DTD XHTML 1.0 Transitional//EN"
    "http://www.w3.org/TR/xhtml1/DTD/xhtml1-transitional.dtd">
<html xmlns="http://www.w3.org/1999/xhtml" xml:lang="en" lang="en">
 <head>
  <title>
</title>
<meta http-equiv="Content-Type" content="text/html;charset=utf-8" />
  <meta name='ocr-system' content='tesseract 3.04.00' />
  <meta name='ocr-capabilities' content='ocr_page ocr_carea ocr_par ocr_line ocrx_word'/>
</head>
<body>
  <div class='ocr_page' id='page_1' title='image "./aburbeconditalib0506livyuoft_0721.png"; bbox 0 0 1784 2967; ppageno 0'>
   <div class='ocr_carea' id='block_1_1' title="bbox 53 836 91 867">
    <p class='ocr_par' dir='ltr' id='par_1_1' title="bbox 53 836 91 867">
     <span class='ocr_line' id='line_1_1' title="bbox 53 836 91 867; baseline 0 0"><span class='ocrx_word' id='word_1_1' title='bbox 53 836 91 867; x_wconf 81' lang='lat'>10</span> 
     </span>
    </p>
   </div>
   <div class='ocr_carea' id='block_1_2' title="bbox 51 1117 89 1149">
    <p class='ocr_par' dir='ltr' id='par_1_2' title="bbox 51 1117 89 1149">
     <span class='ocr_line' id='line_1_2' title="bbox 51 1117 89 1149; baseline 0 0"><span class='ocrx_word' id='word_1_2' title='bbox 51 1117 89 1149; x_wconf 86' lang='lat'>15</span> 
     </span>
    </p>
   </div>
   <div class='ocr_carea' id='block_1_3' title="bbox 47 1405 89 1436">
    <p class='ocr_par' dir='ltr' id='par_1_3' title="bbox 47 1405 89 1436">
     <span class='ocr_line' id='line_1_3' title="bbox 47 1405 89 1436; baseline 0 0"><span class='ocrx_word' id='word_1_3' title='bbox 47 1405 89 1436; x_wconf 86' lang='lat'>20</span> 
     </span>
    </p>
   </div>
   <div class='ocr_carea' id='block_1_4' title="bbox 573 219 1531 260">
    <p class='ocr_par' dir='ltr' id='par_1_4' title="bbox 573 219 1531 260">
     <span class='ocr_line' id='line_1_4' title="bbox 573 219 1531 260; baseline 0.009 -9"><span class='ocrx_word' id='word_1_4' title='bbox 573 219 698 252; x_wconf 83' lang='lat' dir='ltr'>LIBER</span> <span class='ocrx_word' id='word_1_5' title='bbox 716 219 832 251; x_wconf 88' lang='lat' dir='ltr'><strong>XXX.</strong></span> <span class='ocrx_word' id='word_1_6' title='bbox 866 219 959 251; x_wconf 79' lang='lat' dir='ltr'>CAP.</span> <span class='ocrx_word' id='word_1_7' title='bbox 986 220 1016 251; x_wconf 74' lang='lat'>4.</span> <span class='ocrx_word' id='word_1_8' title='bbox 1037 220 1067 252; x_wconf 87' lang='lat'>5.</span> <span class='ocrx_word' id='word_1_9' title='bbox 1452 220 1531 260; x_wconf 83' lang='grc'>333</span> 
     </span>
    </p>
   </div>
   <div class='ocr_carea' id='block_1_5' title="bbox 124 230 295 256">
    <p class='ocr_par' dir='ltr' id='par_1_5' title="bbox 124 230 295 256">
     <span class='ocr_line' id='line_1_5' title="bbox 124 230 295 256; baseline -0.012 0"><span class='ocrx_word' id='word_1_10' title='bbox 124 239 151 256; x_wconf 71' lang='grc' dir='ltr'>ει,</span> <span class='ocrx_word' id='word_1_11' title='bbox 168 231 219 256; x_wconf 81' lang='lat' dir='ltr'>Ch.</span> <span class='ocrx_word' id='word_1_12' title='bbox 236 230 295 255; x_wconf 82' lang='lat'>203.</span> 
     </span>
    </p>
   </div>
   <div class='ocr_carea' id='block_1_6' title="bbox 117 322 1534 1447">
    <p class='ocr_par' dir='ltr' id='par_1_6' title="bbox 117 322 1534 1276">
     <span class='ocr_line' id='line_1_6' title="bbox 121 322 1531 374; baseline -0.001 -12"><span class='ocrx_word' id='word_1_13' title='bbox 121 323 266 362; x_wconf 82' lang='lat' dir='ltr'>habuit.</span> <span class='ocrx_word' id='word_1_14' title='bbox 308 327 345 361; x_wconf 87' lang='lat' dir='ltr'>et</span> <span class='ocrx_word' id='word_1_15' title='bbox 366 323 562 362; x_wconf 80' lang='lat' dir='ltr'>mentione</span> <span class='ocrx_word' id='word_1_16' title='bbox 582 335 624 361; x_wconf 89' lang='lat' dir='ltr'>ac</span> <span class='ocrx_word' id='word_1_17' title='bbox 645 334 715 373; x_wconf 91' lang='lat' dir='ltr'>spe</span> <span class='ocrx_word' id='word_1_18' title='bbox 736 322 841 372; x_wconf 91' lang='lat' dir='ltr'>pacis</span> <span class='ocrx_word' id='word_1_19' title='bbox 863 322 1107 373; x_wconf 83' lang='lat' dir='ltr'>neclegentia,</span> <span class='ocrx_word' id='word_1_20' title='bbox 1126 326 1168 361; x_wconf 89' lang='lat' dir='ltr'>ut</span> <span class='ocrx_word' id='word_1_21' title='bbox 1184 323 1237 369; x_wconf 80' lang='lat' dir='ltr'>fit,</span> <span class='ocrx_word' id='word_1_22' title='bbox 1256 322 1357 374; x_wconf 88' lang='lat' dir='ltr'>apud</span> <span class='ocrx_word' id='word_1_23' title='bbox 1376 322 1531 361; x_wconf 84' lang='lat' dir='ltr'>Poenos</span> 
     </span>
     <span class='ocr_line' id='line_1_7' title="bbox 123 378 1531 430; baseline -0.001 -12"><span class='ocrx_word' id='word_1_24' title='bbox 123 379 407 430; x_wconf 79' lang='lat' dir='ltr'>Numidamque</span> <span class='ocrx_word' id='word_1_25' title='bbox 443 384 525 418; x_wconf 88' lang='lat' dir='ltr'>orta</span> <span class='ocrx_word' id='word_1_26' title='bbox 553 378 726 424; x_wconf 89' lang='lat' dir='ltr'>cavendi,</span> <span class='ocrx_word' id='word_1_27' title='bbox 755 390 804 417; x_wconf 83' lang='lat' dir='ltr'>ne</span> <span class='ocrx_word' id='word_1_28' title='bbox 832 378 922 429; x_wconf 87' lang='lat' dir='ltr'>quid</span> <span class='ocrx_word' id='word_1_29' title='bbox 949 379 1090 418; x_wconf 84' lang='lat' dir='ltr'>hostile</span> <span class='ocrx_word' id='word_1_30' title='bbox 1117 378 1268 418; x_wconf 85' lang='lat' dir='ltr'>interim</span> <span class='ocrx_word' id='word_1_31' title='bbox 1299 384 1531 430; x_wconf 85' lang='lat' dir='ltr'>paterentur.</span> 
     </span>
     <span class='ocr_line' id='line_1_8' title="bbox 121 434 1532 486; baseline 0 -12"><span class='ocrx_word' id='word_1_32' title='bbox 121 437 276 475; x_wconf 87' lang='lat' dir='ltr'>tandem</span> <span class='ocrx_word' id='word_1_33' title='bbox 309 437 471 475; x_wconf 87' lang='lat' dir='ltr'>relatum</span> <span class='ocrx_word' id='word_1_34' title='bbox 498 447 735 486; x_wconf 86' lang='lat' dir='ltr'>responsum</span> <span class='ocrx_word' id='word_1_35' title='bbox 765 434 1016 486; x_wconf 87' lang='lat' dir='ltr'>quibusdam,</span> <span class='ocrx_word' id='word_1_36' title='bbox 1039 435 1125 486; x_wconf 91' lang='lat' dir='ltr'>quia</span> <span class='ocrx_word' id='word_1_37' title='bbox 1151 435 1268 474; x_wconf 87' lang='lat' dir='ltr'>nimis</span> <span class='ocrx_word' id='word_1_38' title='bbox 1290 448 1430 486; x_wconf 87' lang='lat' dir='ltr'>cupere</span> <span class='ocrx_word' id='word_1_39' title='bbox 1451 436 1532 474; x_wconf 89' lang='lat' dir='ltr'>Ro-</span> 
     </span>
     <span class='ocr_line' id='line_1_9' title="bbox 123 491 1533 544; baseline 0 -13"><span class='ocrx_word' id='word_1_40' title='bbox 123 505 261 532; x_wconf 90' lang='lat' dir='ltr'>manus</span> <span class='ocrx_word' id='word_1_41' title='bbox 288 505 423 544; x_wconf 81' lang='lat' dir='ltr'>pacem</span> <span class='ocrx_word' id='word_1_42' title='bbox 454 492 669 537; x_wconf 85' lang='lat' dir='ltr'>videbatur,</span> <span class='ocrx_word' id='word_1_43' title='bbox 700 491 841 543; x_wconf 83' lang='lat' dir='ltr'>iniquis</span> <span class='ocrx_word' id='word_1_44' title='bbox 869 504 938 542; x_wconf 90' lang='lat' dir='ltr'>per</span> <span class='ocrx_word' id='word_1_45' title='bbox 970 492 1214 531; x_wconf 81' lang='lat' dir='ltr'>occasionem</span> <span class='ocrx_word' id='word_1_46' title='bbox 1237 492 1415 539; x_wconf 85' lang='lat' dir='ltr'>adiectis;</span> <span class='ocrx_word' id='word_1_47' title='bbox 1437 505 1533 543; x_wconf 88' lang='lat' dir='ltr'>quae</span> 
     </span>
     <span class='ocr_line' id='line_1_10' title="bbox 126 548 1532 600; baseline 0 -13"><span class='ocrx_word' id='word_1_48' title='bbox 126 554 420 600; x_wconf 88' lang='lat' dir='ltr'>peropportune</span> <span class='ocrx_word' id='word_1_49' title='bbox 455 548 623 599; x_wconf 87' lang='lat' dir='ltr'>cupienti</span> <span class='ocrx_word' id='word_1_50' title='bbox 656 548 789 587; x_wconf 84' lang='lat' dir='ltr'>tollere</span> <span class='ocrx_word' id='word_1_51' title='bbox 822 548 990 587; x_wconf 84' lang='lat' dir='ltr'>indutias</span> <span class='ocrx_word' id='word_1_52' title='bbox 1021 548 1194 599; x_wconf 85' lang='lat' dir='ltr'>Scipioni</span> <span class='ocrx_word' id='word_1_53' title='bbox 1235 561 1388 588; x_wconf 82' lang='lat' dir='ltr'>causam</span> <span class='ocrx_word' id='word_1_54' title='bbox 1419 561 1532 599; x_wconf 89' lang='lat' dir='ltr'>prae-</span> 
     </span>
     <span class='ocr_line' id='line_1_11' title="bbox 123 605 1533 655; baseline 0.001 -12"><span class='ocrx_word' id='word_1_55' title='bbox 123 607 252 644; x_wconf 85' lang='lat' dir='ltr'>buere.</span> <span class='ocrx_word' id='word_1_56' title='bbox 294 619 336 645; x_wconf 90' lang='lat' dir='ltr'>ac</span> <span class='ocrx_word' id='word_1_57' title='bbox 362 605 499 644; x_wconf 90' lang='lat' dir='ltr'>nuntio</span> <span class='ocrx_word' id='word_1_58' title='bbox 521 605 636 655; x_wconf 85' lang='lat' dir='ltr'>regis,</span> <span class='ocrx_word' id='word_1_59' title='bbox 659 617 747 643; x_wconf 89' lang='lat' dir='ltr'>cum</span> <span class='ocrx_word' id='word_1_60' title='bbox 770 605 979 644; x_wconf 81' lang='lat' dir='ltr'>relaturum</span> <span class='ocrx_word' id='word_1_61' title='bbox 1001 617 1043 643; x_wconf 89' lang='lat' dir='ltr'>se</span> <span class='ocrx_word' id='word_1_62' title='bbox 1065 606 1110 643; x_wconf 88' lang='lat' dir='ltr'>ad</span> <span class='ocrx_word' id='word_1_63' title='bbox 1134 605 1338 644; x_wconf 89' lang='lat' dir='ltr'>consilium</span> <span class='ocrx_word' id='word_1_64' title='bbox 1363 605 1533 651; x_wconf 83' lang='lat' dir='ltr'>dixisset,</span> 
     </span>
     <span class='ocr_line' id='line_1_12' title="bbox 124 661 1533 713; baseline -0.001 -12"><span class='ocrx_word' id='word_1_65' title='bbox 124 667 283 713; x_wconf 85' lang='lat' dir='ltr'>postero</span> <span class='ocrx_word' id='word_1_66' title='bbox 319 662 378 700; x_wconf 84' lang='lat' dir='ltr'>die</span> <span class='ocrx_word' id='word_1_67' title='bbox 408 662 613 712; x_wconf 88' lang='lat' dir='ltr'>respondit</span> <span class='ocrx_word' id='word_1_68' title='bbox 640 674 677 700; x_wconf 83' lang='lat' dir='ltr'>se</span> <span class='ocrx_word' id='word_1_69' title='bbox 706 673 785 700; x_wconf 87' lang='lat' dir='ltr'>uno</span> <span class='ocrx_word' id='word_1_70' title='bbox 816 661 960 701; x_wconf 87' lang='lat' dir='ltr'>frustra</span> <span class='ocrx_word' id='word_1_71' title='bbox 987 662 1167 700; x_wconf 88' lang='lat' dir='ltr'>tendente</span> <span class='ocrx_word' id='word_1_72' title='bbox 1193 662 1284 700; x_wconf 89' lang='lat' dir='ltr'>nulli</span> <span class='ocrx_word' id='word_1_73' title='bbox 1312 662 1371 700; x_wconf 88' lang='lat' dir='ltr'>alii</span> <span class='ocrx_word' id='word_1_74' title='bbox 1400 674 1533 712; x_wconf 82' lang='lat' dir='ltr'>pacem</span> 
     </span>
     <span class='ocr_line' id='line_1_13' title="bbox 122 718 1532 770; baseline 0 -13"><span class='ocrx_word' id='word_1_75' title='bbox 122 718 331 769; x_wconf 82' lang='lat' dir='ltr'>placuisse:</span> <span class='ocrx_word' id='word_1_76' title='bbox 358 718 597 757; x_wconf 81' lang='lat' dir='ltr'>renuntiaret</span> <span class='ocrx_word' id='word_1_77' title='bbox 625 718 739 768; x_wconf 80' lang='lat' dir='ltr'>igitur</span> <span class='ocrx_word' id='word_1_78' title='bbox 763 718 905 757; x_wconf 90' lang='lat' dir='ltr'>nullam</span> <span class='ocrx_word' id='word_1_79' title='bbox 936 718 1046 756; x_wconf 90' lang='lat' dir='ltr'>aliam</span> <span class='ocrx_word' id='word_1_80' title='bbox 1077 730 1186 769; x_wconf 87' lang='lat' dir='ltr'>spem</span> <span class='ocrx_word' id='word_1_81' title='bbox 1205 720 1315 769; x_wconf 78' lang='lat' dir='ltr'>pacis</span> <span class='ocrx_word' id='word_1_82' title='bbox 1335 730 1449 770; x_wconf 79' lang='lat' dir='ltr'>quam</span> <span class='ocrx_word' id='word_1_83' title='bbox 1470 730 1532 757; x_wconf 90' lang='lat' dir='ltr'>re-</span> 
     </span>
     <span class='ocr_line' id='line_1_14' title="bbox 119 774 1534 826; baseline 0 -13"><span class='ocrx_word' id='word_1_84' title='bbox 119 775 218 814; x_wconf 82' lang='lat' dir='ltr'>lictis</span> <span class='ocrx_word' id='word_1_85' title='bbox 246 774 624 825; x_wconf 80' lang='lat' dir='ltr'>Carthaginiensibus</span> <span class='ocrx_word' id='word_1_86' title='bbox 657 775 820 826; x_wconf 81' lang='lat' dir='ltr'>Syphaci</span> <span class='ocrx_word' id='word_1_87' title='bbox 856 787 944 813; x_wconf 92' lang='lat' dir='ltr'>cum</span> <span class='ocrx_word' id='word_1_88' title='bbox 974 775 1161 813; x_wconf 87' lang='lat' dir='ltr'>Romanis</span> <span class='ocrx_word' id='word_1_89' title='bbox 1198 787 1296 813; x_wconf 84' lang='lat' dir='ltr'>esse.</span> <span class='ocrx_word' id='word_1_90' title='bbox 1350 775 1399 813; x_wconf 84' lang='lat' dir='ltr'>ita</span> <span class='ocrx_word' id='word_1_91' title='bbox 1436 775 1534 813; x_wconf 85' lang='lat' dir='ltr'>tollit</span> 
     </span>
     <span class='ocr_line' id='line_1_15' title="bbox 123 831 1532 882; baseline 0 -13"><span class='ocrx_word' id='word_1_92' title='bbox 123 831 289 870; x_wconf 83' lang='lat' dir='ltr'>indutias</span> <span class='ocrx_word' id='word_1_93' title='bbox 304 861 312 876; x_wconf 86' lang='lat'>,</span> <span class='ocrx_word' id='word_1_94' title='bbox 337 837 377 870; x_wconf 93' lang='lat' dir='ltr'>ut</span> <span class='ocrx_word' id='word_1_95' title='bbox 397 831 515 870; x_wconf 88' lang='lat' dir='ltr'>libera</span> <span class='ocrx_word' id='word_1_96' title='bbox 537 831 610 869; x_wconf 81' lang='lat' dir='ltr'>fide</span> <span class='ocrx_word' id='word_1_97' title='bbox 631 831 782 882; x_wconf 79' lang='lat' dir='ltr'>incepta</span> <span class='ocrx_word' id='word_1_98' title='bbox 805 836 1075 882; x_wconf 72' lang='lat' dir='ltr'>exequeretur3</span> <span class='ocrx_word' id='word_1_99' title='bbox 1098 831 1350 882; x_wconf 86' lang='lat' dir='ltr'>deductisque</span> <span class='ocrx_word' id='word_1_100' title='bbox 1370 831 1532 870; x_wconf 86' lang='lat' dir='ltr'>navibus</span> 
     </span>
     <span class='ocr_line' id='line_1_16' title="bbox 118 887 1532 939; baseline 0 -13"><span class='ocrx_word' id='word_1_101' title='bbox 118 911 173 916; x_wconf 88' lang='lat'>—</span> <span class='ocrx_word' id='word_1_102' title='bbox 193 892 231 926; x_wconf 88' lang='lat' dir='ltr'>et</span> <span class='ocrx_word' id='word_1_103' title='bbox 250 887 326 926; x_wconf 88' lang='lat' dir='ltr'>iam</span> <span class='ocrx_word' id='word_1_104' title='bbox 349 887 447 926; x_wconf 90' lang='lat' dir='ltr'>veris</span> <span class='ocrx_word' id='word_1_105' title='bbox 471 887 704 939; x_wconf 86' lang='lat' dir='ltr'>principium</span> <span class='ocrx_word' id='word_1_106' title='bbox 727 893 807 927; x_wconf 85' lang='lat' dir='ltr'>erat</span> <span class='ocrx_word' id='word_1_107' title='bbox 827 911 880 916; x_wconf 90' lang='lat'>—</span> <span class='ocrx_word' id='word_1_108' title='bbox 903 887 1100 926; x_wconf 86' lang='lat' dir='ltr'>machinas</span> <span class='ocrx_word' id='word_1_109' title='bbox 1122 892 1404 938; x_wconf 83' lang='lat' dir='ltr'>tormentaque,</span> <span class='ocrx_word' id='word_1_110' title='bbox 1429 888 1532 926; x_wconf 90' lang='lat' dir='ltr'>velut</span> 
     </span>
     <span class='ocr_line' id='line_1_17' title="bbox 118 944 1531 995; baseline 0 -13"><span class='ocrx_word' id='word_1_111' title='bbox 118 957 138 982; x_wconf 89' lang='lat' dir='ltr'>a</span> <span class='ocrx_word' id='word_1_112' title='bbox 165 944 261 982; x_wconf 83' lang='lat' dir='ltr'>mari</span> <span class='ocrx_word' id='word_1_113' title='bbox 288 944 542 995; x_wconf 74' lang='lat' dir='ltr'>adgressurus</span> <span class='ocrx_word' id='word_1_114' title='bbox 566 945 733 990; x_wconf 82' lang='lat' dir='ltr'>Uticam,</span> <span class='ocrx_word' id='word_1_115' title='bbox 762 944 940 995; x_wconf 88' lang='lat' dir='ltr'>imponit.</span> <span class='ocrx_word' id='word_1_116' title='bbox 983 949 1020 982; x_wconf 88' lang='lat' dir='ltr'>et</span> <span class='ocrx_word' id='word_1_117' title='bbox 1041 957 1095 982; x_wconf 83' lang='lat' dir='ltr'>MM</span> <span class='ocrx_word' id='word_1_118' title='bbox 1118 944 1281 983; x_wconf 83' lang='lat' dir='ltr'>militum</span> <span class='ocrx_word' id='word_1_119' title='bbox 1305 945 1350 982; x_wconf 85' lang='lat' dir='ltr'>ad</span> <span class='ocrx_word' id='word_1_120' title='bbox 1375 945 1531 995; x_wconf 88' lang='lat' dir='ltr'>capien-</span> 
     </span>
     <span class='ocr_line' id='line_1_18' title="bbox 119 1000 1532 1051; baseline -0.001 -12"><span class='ocrx_word' id='word_1_121' title='bbox 119 1001 210 1039; x_wconf 86' lang='lat' dir='ltr'>dum</span> <span class='ocrx_word' id='word_1_122' title='bbox 240 1012 354 1051; x_wconf 87' lang='lat' dir='ltr'>quem</span> <span class='ocrx_word' id='word_1_123' title='bbox 382 1006 492 1039; x_wconf 83' lang='lat' dir='ltr'>antea</span> <span class='ocrx_word' id='word_1_124' title='bbox 521 1006 694 1040; x_wconf 83' lang='lat' dir='ltr'>tenuerat</span> <span class='ocrx_word' id='word_1_125' title='bbox 720 1002 914 1039; x_wconf 81' lang='lat' dir='ltr'>tumulum</span> <span class='ocrx_word' id='word_1_126' title='bbox 945 1013 1063 1051; x_wconf 87' lang='lat' dir='ltr'>super</span> <span class='ocrx_word' id='word_1_127' title='bbox 1086 1000 1233 1039; x_wconf 86' lang='lat' dir='ltr'>Uticam</span> <span class='ocrx_word' id='word_1_128' title='bbox 1256 1000 1388 1046; x_wconf 83' lang='lat' dir='ltr'>mittit,</span> <span class='ocrx_word' id='word_1_129' title='bbox 1418 1000 1532 1039; x_wconf 89' lang='lat' dir='ltr'>simul</span> 
     </span>
     <span class='ocr_line' id='line_1_19' title="bbox 117 1057 1530 1108; baseline -0.001 -12"><span class='ocrx_word' id='word_1_130' title='bbox 117 1064 160 1096; x_wconf 77' lang='lat' dir='ltr'>ut</span> <span class='ocrx_word' id='word_1_131' title='bbox 179 1057 224 1096; x_wconf 90' lang='lat' dir='ltr'>ab</span> <span class='ocrx_word' id='word_1_132' title='bbox 247 1070 304 1101; x_wconf 83' lang='lat' dir='ltr'>eo,</span> <span class='ocrx_word' id='word_1_133' title='bbox 325 1058 428 1108; x_wconf 85' lang='lat' dir='ltr'>quod</span> <span class='ocrx_word' id='word_1_134' title='bbox 453 1058 619 1108; x_wconf 83' lang='lat' dir='ltr'>parabat,</span> <span class='ocrx_word' id='word_1_135' title='bbox 640 1058 677 1095; x_wconf 90' lang='lat' dir='ltr'>in</span> <span class='ocrx_word' id='word_1_136' title='bbox 700 1057 853 1096; x_wconf 87' lang='lat' dir='ltr'>alterius</span> <span class='ocrx_word' id='word_1_137' title='bbox 875 1058 930 1095; x_wconf 87' lang='lat' dir='ltr'>rei</span> <span class='ocrx_word' id='word_1_138' title='bbox 951 1069 1083 1095; x_wconf 90' lang='lat' dir='ltr'>curam</span> <span class='ocrx_word' id='word_1_139' title='bbox 1102 1062 1341 1095; x_wconf 87' lang='lat' dir='ltr'>converteret</span> <span class='ocrx_word' id='word_1_140' title='bbox 1358 1057 1530 1095; x_wconf 84' lang='lat' dir='ltr'>hostium</span> 
     </span>
     <span class='ocr_line' id='line_1_20' title="bbox 121 1113 1532 1165; baseline -0.001 -13"><span class='ocrx_word' id='word_1_141' title='bbox 121 1113 296 1159; x_wconf 84' lang='lat' dir='ltr'>animos,</span> <span class='ocrx_word' id='word_1_142' title='bbox 320 1114 435 1152; x_wconf 87' lang='lat' dir='ltr'>simul</span> <span class='ocrx_word' id='word_1_143' title='bbox 465 1126 512 1152; x_wconf 88' lang='lat' dir='ltr'>ne</span> <span class='ocrx_word' id='word_1_144' title='bbox 535 1126 627 1164; x_wconf 85' lang='lat' dir='ltr'>qua,</span> <span class='ocrx_word' id='word_1_145' title='bbox 651 1127 739 1153; x_wconf 90' lang='lat' dir='ltr'>cum</span> <span class='ocrx_word' id='word_1_146' title='bbox 761 1114 845 1165; x_wconf 88' lang='lat' dir='ltr'>ipse</span> <span class='ocrx_word' id='word_1_147' title='bbox 866 1114 912 1152; x_wconf 88' lang='lat' dir='ltr'>ad</span> <span class='ocrx_word' id='word_1_148' title='bbox 936 1114 1149 1164; x_wconf 78' lang='lat' dir='ltr'>Syphacem</span> <span class='ocrx_word' id='word_1_149' title='bbox 1174 1113 1532 1164; x_wconf 82' lang='lat' dir='ltr'>Hasdrubalemque</span> 
     </span>
     <span class='ocr_line' id='line_1_21' title="bbox 119 1170 1531 1222; baseline 0 -14"><span class='ocrx_word' id='word_1_150' title='bbox 119 1170 316 1221; x_wconf 86' lang='lat' dir='ltr'>profectus</span> <span class='ocrx_word' id='word_1_151' title='bbox 345 1176 465 1215; x_wconf 81' lang='lat' dir='ltr'>esset,</span> <span class='ocrx_word' id='word_1_152' title='bbox 495 1171 646 1222; x_wconf 86' lang='lat' dir='ltr'>eruptio</span> <span class='ocrx_word' id='word_1_153' title='bbox 676 1183 720 1209; x_wconf 85' lang='lat' dir='ltr'>ex</span> <span class='ocrx_word' id='word_1_154' title='bbox 746 1171 841 1209; x_wconf 87' lang='lat' dir='ltr'>urbe</span> <span class='ocrx_word' id='word_1_155' title='bbox 862 1175 899 1209; x_wconf 91' lang='lat' dir='ltr'>et</span> <span class='ocrx_word' id='word_1_156' title='bbox 919 1170 1086 1221; x_wconf 87' lang='lat' dir='ltr'>impetus</span> <span class='ocrx_word' id='word_1_157' title='bbox 1108 1170 1147 1208; x_wconf 95' lang='lat' dir='ltr'>in</span> <span class='ocrx_word' id='word_1_158' title='bbox 1170 1174 1291 1209; x_wconf 87' lang='lat' dir='ltr'>castra</span> <span class='ocrx_word' id='word_1_159' title='bbox 1314 1182 1382 1208; x_wconf 87' lang='lat' dir='ltr'>sua</span> <span class='ocrx_word' id='word_1_160' title='bbox 1403 1170 1531 1209; x_wconf 87' lang='lat' dir='ltr'>relicta</span> 
     </span>
     <span class='ocr_line' id='line_1_22' title="bbox 118 1226 653 1276; baseline 0.002 -11"><span class='ocrx_word' id='word_1_161' title='bbox 118 1239 205 1265; x_wconf 91' lang='lat' dir='ltr'>cum</span> <span class='ocrx_word' id='word_1_162' title='bbox 227 1226 295 1265; x_wconf 90' lang='lat' dir='ltr'>levi</span> <span class='ocrx_word' id='word_1_163' title='bbox 319 1227 513 1276; x_wconf 87' lang='lat' dir='ltr'>praesidio</span> <span class='ocrx_word' id='word_1_164' title='bbox 537 1228 653 1266; x_wconf 85' lang='lat' dir='ltr'>lieret.</span> 
     </span>
    </p>

    <p class='ocr_par' dir='ltr' id='par_1_7' title="bbox 117 1282 1532 1447">
     <span class='ocr_line' id='line_1_23' title="bbox 230 1282 1530 1334; baseline 0.001 -14"><span class='ocrx_word' id='word_1_165' title='bbox 230 1283 296 1320; x_wconf 90' lang='lat' dir='ltr'>His</span> <span class='ocrx_word' id='word_1_166' title='bbox 326 1283 562 1334; x_wconf 83' lang='lat' dir='ltr'>praeparatis</span> <span class='ocrx_word' id='word_1_167' title='bbox 591 1283 853 1333; x_wconf 83' lang='lat' dir='ltr'>advocatoque</span> <span class='ocrx_word' id='word_1_168' title='bbox 880 1282 1041 1321; x_wconf 89' lang='lat' dir='ltr'>consilio</span> <span class='ocrx_word' id='word_1_169' title='bbox 1070 1286 1107 1320; x_wconf 86' lang='lat' dir='ltr'>et</span> <span class='ocrx_word' id='word_1_170' title='bbox 1128 1282 1254 1320; x_wconf 84' lang='lat' dir='ltr'>(licere</span> <span class='ocrx_word' id='word_1_171' title='bbox 1275 1282 1530 1333; x_wconf 84' lang='lat' dir='ltr'>exploratori-</span> 
     </span>
     <span class='ocr_line' id='line_1_24' title="bbox 118 1338 1532 1391; baseline 0.001 -14"><span class='ocrx_word' id='word_1_172' title='bbox 118 1339 190 1377; x_wconf 85' lang='lat' dir='ltr'>bus</span> <span class='ocrx_word' id='word_1_173' title='bbox 227 1338 363 1385; x_wconf 84' lang='lat' dir='ltr'>iussis,</span> <span class='ocrx_word' id='word_1_174' title='bbox 401 1352 498 1390; x_wconf 86' lang='lat' dir='ltr'>quae</span> <span class='ocrx_word' id='word_1_175' title='bbox 533 1345 716 1391; x_wconf 87' lang='lat' dir='ltr'>conperta</span> <span class='ocrx_word' id='word_1_176' title='bbox 744 1340 955 1385; x_wconf 86' lang='lat' dir='ltr'>adferrent,</span> <span class='ocrx_word' id='word_1_177' title='bbox 985 1338 1283 1389; x_wconf 84' lang='lat' dir='ltr'>Masinissaque,</span> <span class='ocrx_word' id='word_1_178' title='bbox 1314 1339 1373 1377; x_wconf 88' lang='lat' dir='ltr'>cui</span> <span class='ocrx_word' id='word_1_179' title='bbox 1403 1338 1532 1378; x_wconf 86' lang='lat' dir='ltr'>omnia</span> 
     </span>
     <span class='ocr_line' id='line_1_25' title="bbox 117 1395 1531 1447; baseline 0 -13"><span class='ocrx_word' id='word_1_180' title='bbox 117 1395 289 1434; x_wconf 84' lang='lat' dir='ltr'>hostium</span> <span class='ocrx_word' id='word_1_181' title='bbox 324 1400 414 1434; x_wconf 90' lang='lat' dir='ltr'>nota</span> <span class='ocrx_word' id='word_1_182' title='bbox 451 1400 577 1443; x_wconf 87' lang='lat' dir='ltr'>erant,</span> <span class='ocrx_word' id='word_1_183' title='bbox 607 1401 807 1447; x_wconf 87' lang='lat' dir='ltr'>postremo</span> <span class='ocrx_word' id='word_1_184' title='bbox 836 1396 920 1447; x_wconf 85' lang='lat' dir='ltr'>ipse</span> <span class='ocrx_word' id='word_1_185' title='bbox 947 1395 1037 1446; x_wconf 88' lang='lat' dir='ltr'>quid</span> <span class='ocrx_word' id='word_1_186' title='bbox 1065 1400 1218 1445; x_wconf 82' lang='lat' dir='ltr'>pararet</span> <span class='ocrx_word' id='word_1_187' title='bbox 1246 1395 1285 1433; x_wconf 89' lang='lat' dir='ltr'>in</span> <span class='ocrx_word' id='word_1_188' title='bbox 1313 1395 1531 1446; x_wconf 85' lang='lat' dir='ltr'>proximam</span> 
     </span>
    </p>
   </div>
   <div class='ocr_carea' id='block_1_7' title="bbox 113 1517 788 2688">
    <p class='ocr_par' dir='ltr' id='par_1_8' title="bbox 113 1517 788 2314">
     <span class='ocr_line' id='line_1_26' title="bbox 116 1517 788 1559; baseline 0 -10"><span class='ocrx_word' id='word_1_189' title='bbox 116 1518 179 1549; x_wconf 89' lang='lat' dir='ltr'>wie</span> <span class='ocrx_word' id='word_1_190' title='bbox 197 1518 257 1558; x_wconf 80' lang='lat'>40,</span> <span class='ocrx_word' id='word_1_191' title='bbox 282 1518 343 1559; x_wconf 83' lang='lat'>25,</span> <span class='ocrx_word' id='word_1_192' title='bbox 369 1517 407 1558; x_wconf 74' lang='grc' dir='ltr'>ὃς</span> <span class='ocrx_word' id='word_1_193' title='bbox 434 1518 590 1558; x_wconf 79' lang='lat' dir='ltr'>iibrigens</span> <span class='ocrx_word' id='word_1_194' title='bbox 608 1519 690 1549; x_wconf 89' lang='lat' dir='ltr'>wird</span> <span class='ocrx_word' id='word_1_195' title='bbox 708 1528 788 1549; x_wconf 89' lang='lat' dir='ltr'>vor-</span> 
     </span>
     <span class='ocr_line' id='line_1_27' title="bbox 115 1564 787 1604; baseline 0 -10"><span class='ocrx_word' id='word_1_196' title='bbox 115 1568 326 1604; x_wconf 82' lang='lat' dir='ltr'>ausgesetzt,</span> <span class='ocrx_word' id='word_1_197' title='bbox 362 1564 437 1594; x_wconf 89' lang='lat' dir='ltr'>dass</span> <span class='ocrx_word' id='word_1_198' title='bbox 470 1564 521 1594; x_wconf 87' lang='lat' dir='ltr'>die</span> <span class='ocrx_word' id='word_1_199' title='bbox 555 1564 787 1603; x_wconf 81' lang='lat' dir='ltr'>Berathungen</span> 
     </span>
     <span class='ocr_line' id='line_1_28' title="bbox 115 1608 787 1651; baseline 0 -12"><span class='ocrx_word' id='word_1_200' title='bbox 115 1609 253 1649; x_wconf 63' lang='lat' dir='ltr'>liingere</span> <span class='ocrx_word' id='word_1_201' title='bbox 283 1608 358 1640; x_wconf 83' lang='lat' dir='ltr'>Zeit</span> <span class='ocrx_word' id='word_1_202' title='bbox 387 1609 528 1648; x_wconf 82' lang='lat' dir='ltr'>dauern3</span> <span class='ocrx_word' id='word_1_203' title='bbox 558 1609 638 1639; x_wconf 85' lang='lat' dir='ltr'>nach</span> <span class='ocrx_word' id='word_1_204' title='bbox 670 1608 787 1651; x_wconf 74' lang='lat' dir='ltr'>Polyb.</span> 
     </span>
     <span class='ocr_line' id='line_1_29' title="bbox 117 1653 787 1695; baseline 0.001 -12"><span class='ocrx_word' id='word_1_205' title='bbox 117 1654 172 1684; x_wconf 84' lang='lat' dir='ltr'>hat</span> <span class='ocrx_word' id='word_1_206' title='bbox 193 1654 301 1695; x_wconf 89' lang='lat' dir='ltr'>Scipio</span> <span class='ocrx_word' id='word_1_207' title='bbox 326 1654 425 1684; x_wconf 85' lang='lat' dir='ltr'>sehon</span> <span class='ocrx_word' id='word_1_208' title='bbox 449 1664 510 1684; x_wconf 89' lang='lat' dir='ltr'>vor</span> <span class='ocrx_word' id='word_1_209' title='bbox 534 1654 594 1684; x_wconf 86' lang='lat' dir='ltr'>der</span> <span class='ocrx_word' id='word_1_210' title='bbox 611 1653 787 1684; x_wconf 77' lang='lat' dir='ltr'>Riickkehr</span> 
     </span>
     <span class='ocr_line' id='line_1_30' title="bbox 116 1698 786 1738; baseline -0.001 -9"><span class='ocrx_word' id='word_1_211' title='bbox 116 1698 176 1729; x_wconf 86' lang='lat' dir='ltr'>der</span> <span class='ocrx_word' id='word_1_212' title='bbox 195 1698 383 1729; x_wconf 82' lang='lat' dir='ltr'>Gesandtcn</span> <span class='ocrx_word' id='word_1_213' title='bbox 403 1699 463 1729; x_wconf 85' lang='lat' dir='ltr'>den</span> <span class='ocrx_word' id='word_1_214' title='bbox 479 1698 585 1737; x_wconf 81' lang='lat' dir='ltr'>Hiigel</span> <span class='ocrx_word' id='word_1_215' title='bbox 602 1709 664 1730; x_wconf 86' lang='lat' dir='ltr'>vor</span> <span class='ocrx_word' id='word_1_216' title='bbox 682 1698 786 1738; x_wconf 83' lang='lat' dir='ltr'>Utica,</span> 
     </span>
     <span class='ocr_line' id='line_1_31' title="bbox 116 1741 786 1784; baseline 0.001 -11"><span class='ocrx_word' id='word_1_217' title='bbox 116 1753 142 1774; x_wconf 90' lang='lat' dir='ltr'>s.</span> <span class='ocrx_word' id='word_1_218' title='bbox 169 1742 189 1784; x_wconf 66' lang='grc' dir='ltr'>ξ</span> <span class='ocrx_word' id='word_1_219' title='bbox 211 1743 267 1783; x_wconf 90' lang='grc'>11,</span> <span class='ocrx_word' id='word_1_220' title='bbox 286 1741 453 1782; x_wconf 80' lang='lat' dir='ltr'>befestigt.</span> <span class='ocrx_word' id='word_1_221' title='bbox 471 1761 515 1766; x_wconf 69' lang='lat'>—</span> <span class='ocrx_word' id='word_1_222' title='bbox 530 1745 563 1774; x_wconf 73' lang='lat' dir='ltr'>in</span> <span class='ocrx_word' id='word_1_223' title='bbox 581 1753 667 1784; x_wconf 74' lang='lat' dir='ltr'>rem,</span> <span class='ocrx_word' id='word_1_224' title='bbox 687 1753 713 1773; x_wconf 88' lang='lat' dir='ltr'>S.</span> <span class='ocrx_word' id='word_1_225' title='bbox 734 1742 786 1784; x_wconf 84' lang='lat'>26,</span> 
     </span>
     <span class='ocr_line' id='line_1_32' title="bbox 115 1787 785 1830; baseline 0 -12"><span class='ocrx_word' id='word_1_226' title='bbox 115 1788 169 1827; x_wconf 80' lang='lat'>44,</span> <span class='ocrx_word' id='word_1_227' title='bbox 185 1788 213 1819; x_wconf 86' lang='lat'>7.</span> <span class='ocrx_word' id='word_1_228' title='bbox 232 1806 276 1811; x_wconf 84' lang='lat'>—</span> <span class='ocrx_word' id='word_1_229' title='bbox 292 1790 461 1819; x_wconf 76' lang='lat' dir='ltr'>mentione</span> <span class='ocrx_word' id='word_1_230' title='bbox 478 1805 522 1810; x_wconf 92' lang='lat'><strong>—</strong></span> <span class='ocrx_word' id='word_1_231' title='bbox 539 1799 609 1830; x_wconf 76' lang='lat' dir='ltr'>spe,</span> <span class='ocrx_word' id='word_1_232' title='bbox 625 1789 653 1818; x_wconf 90' lang='lat' dir='ltr'>in</span> <span class='ocrx_word' id='word_1_233' title='bbox 670 1787 785 1827; x_wconf 80' lang='lat' dir='ltr'>Folge,</span> 
     </span>
     <span class='ocr_line' id='line_1_33' title="bbox 117 1832 786 1873; baseline 0.001 -10"><span class='ocrx_word' id='word_1_234' title='bbox 117 1843 143 1864; x_wconf 88' lang='lat' dir='ltr'>s.</span> <span class='ocrx_word' id='word_1_235' title='bbox 162 1844 189 1864; x_wconf 84' lang='lat' dir='ltr'>c.</span> <span class='ocrx_word' id='word_1_236' title='bbox 208 1833 245 1872; x_wconf 74' lang='lat'>5,</span> <span class='ocrx_word' id='word_1_237' title='bbox 271 1834 306 1872; x_wconf 79' lang='lat'>93</span> <span class='ocrx_word' id='word_1_238' title='bbox 327 1833 384 1871; x_wconf 82' lang='lat'>28,</span> <span class='ocrx_word' id='word_1_239' title='bbox 402 1832 460 1871; x_wconf 85' lang='lat'>23,</span> <span class='ocrx_word' id='word_1_240' title='bbox 479 1833 786 1873; x_wconf 69' lang='lat' dir='ltr'>4324‚19,5;eoe</span> 
     </span>
     <span class='ocr_line' id='line_1_34' title="bbox 116 1876 786 1909; baseline 0 -1"><span class='ocrx_word' id='word_1_241' title='bbox 116 1878 240 1909; x_wconf 88' lang='lat' dir='ltr'>konnte</span> <span class='ocrx_word' id='word_1_242' title='bbox 264 1888 355 1909; x_wconf 86' lang='lat' dir='ltr'>zwar</span> <span class='ocrx_word' id='word_1_243' title='bbox 381 1878 482 1909; x_wconf 84' lang='lat' dir='ltr'>leicht</span> <span class='ocrx_word' id='word_1_244' title='bbox 508 1879 587 1909; x_wconf 84' lang='lat' dir='ltr'>nach</span> <span class='ocrx_word' id='word_1_245' title='bbox 612 1881 645 1909; x_wconf 80' lang='lat' dir='ltr'>et</span> <span class='ocrx_word' id='word_1_246' title='bbox 661 1876 786 1909; x_wconf 81' lang='lat' dir='ltr'>ausfal-</span> 
     </span>
     <span class='ocr_line' id='line_1_35' title="bbox 115 1923 786 1963; baseline 0 -10"><span class='ocrx_word' id='word_1_247' title='bbox 115 1924 180 1962; x_wconf 73' lang='lat' dir='ltr'>len,</span> <span class='ocrx_word' id='word_1_248' title='bbox 199 1924 279 1954; x_wconf 87' lang='lat' dir='ltr'>doch</span> <span class='ocrx_word' id='word_1_249' title='bbox 296 1924 339 1954; x_wconf 88' lang='lat' dir='ltr'>ist</span> <span class='ocrx_word' id='word_1_250' title='bbox 353 1934 388 1954; x_wconf 83' lang='lat' dir='ltr'>es</span> <span class='ocrx_word' id='word_1_251' title='bbox 403 1924 491 1955; x_wconf 84' lang='lat' dir='ltr'>nicht</span> <span class='ocrx_word' id='word_1_252' title='bbox 506 1923 727 1963; x_wconf 79' lang='lat' dir='ltr'>nothwendig.</span> <span class='ocrx_word' id='word_1_253' title='bbox 742 1940 786 1945; x_wconf 85' lang='lat'>-—</span> 
     </span>
     <span class='ocr_line' id='line_1_36' title="bbox 115 1968 786 2010; baseline -0.003 -10"><span class='ocrx_word' id='word_1_254' title='bbox 115 1968 319 2010; x_wconf 69' lang='lat' dir='ltr'>quibusdam</span> <span class='ocrx_word' id='word_1_255' title='bbox 346 1970 440 2010; x_wconf 64' lang='lat' dir='ltr'>iniq„</span> <span class='ocrx_word' id='word_1_256' title='bbox 466 1968 573 2008; x_wconf 85' lang='lat' dir='ltr'>einige</span> <span class='ocrx_word' id='word_1_257' title='bbox 599 1969 786 2008; x_wconf 81' lang='lat' dir='ltr'>Bedingun—</span> 
     </span>
     <span class='ocr_line' id='line_1_37' title="bbox 114 2013 784 2053; baseline -0.001 -9"><span class='ocrx_word' id='word_1_258' title='bbox 114 2024 194 2053; x_wconf 79' lang='lat' dir='ltr'>geu,</span> <span class='ocrx_word' id='word_1_259' title='bbox 217 2014 268 2045; x_wconf 88' lang='lat' dir='ltr'>die</span> <span class='ocrx_word' id='word_1_260' title='bbox 291 2014 430 2053; x_wconf 82' lang='lat' dir='ltr'>unbillig</span> <span class='ocrx_word' id='word_1_261' title='bbox 447 2024 577 2051; x_wconf 70' lang='lat' dir='ltr'>wareng</span> <span class='ocrx_word' id='word_1_262' title='bbox 599 2014 634 2053; x_wconf 85' lang='lat'>7,</span> <span class='ocrx_word' id='word_1_263' title='bbox 654 2013 706 2051; x_wconf 76' lang='lat'>25,</span> <span class='ocrx_word' id='word_1_264' title='bbox 729 2013 784 2044; x_wconf 87' lang='lat'>10:</span> 
     </span>
     <span class='ocr_line' id='line_1_38' title="bbox 113 2058 784 2099; baseline 0 -9"><span class='ocrx_word' id='word_1_265' title='bbox 113 2061 202 2090; x_wconf 77' lang='lat' dir='ltr'>inter</span> <span class='ocrx_word' id='word_1_266' title='bbox 230 2062 340 2091; x_wconf 75' lang='lat' dir='ltr'>cetera</span> <span class='ocrx_word' id='word_1_267' title='bbox 365 2061 493 2099; x_wconf 59' lang='lat' dir='ltr'>tristia,</span> <span class='ocrx_word' id='word_1_268' title='bbox 518 2060 583 2099; x_wconf 80' lang='lat' dir='ltr'>vgl.</span> <span class='ocrx_word' id='word_1_269' title='bbox 614 2059 644 2099; x_wconf 90' lang='lat'>1,</span> <span class='ocrx_word' id='word_1_270' title='bbox 669 2058 729 2099; x_wconf 82' lang='lat'>53,</span> <span class='ocrx_word' id='word_1_271' title='bbox 758 2058 784 2090; x_wconf 94' lang='lat'>1.</span> 
     </span>
     <span class='ocr_line' id='line_1_39' title="bbox 115 2103 784 2146; baseline 0 -11"><span class='ocrx_word' id='word_1_272' title='bbox 115 2103 232 2146; x_wconf 77' lang='lat' dir='ltr'>Polyb.</span> <span class='ocrx_word' id='word_1_273' title='bbox 273 2105 426 2135; x_wconf 69' lang='lat' dir='ltr'>erwiihnt</span> <span class='ocrx_word' id='word_1_274' title='bbox 463 2105 571 2135; x_wconf 83' lang='lat' dir='ltr'>dieses</span> <span class='ocrx_word' id='word_1_275' title='bbox 607 2104 713 2142; x_wconf 83' lang='lat' dir='ltr'>nicht3</span> <span class='ocrx_word' id='word_1_276' title='bbox 748 2113 784 2134; x_wconf 81' lang='lat' dir='ltr'>es</span> 
     </span>
     <span class='ocr_line' id='line_1_40' title="bbox 115 2147 785 2190; baseline 0 -11"><span class='ocrx_word' id='word_1_277' title='bbox 115 2149 242 2180; x_wconf 87' lang='lat' dir='ltr'>scheint</span> <span class='ocrx_word' id='word_1_278' title='bbox 260 2148 484 2190; x_wconf 80' lang='lat' dir='ltr'>hinzugefiigt,</span> <span class='ocrx_word' id='word_1_279' title='bbox 501 2160 553 2180; x_wconf 79' lang='lat' dir='ltr'>uni</span> <span class='ocrx_word' id='word_1_280' title='bbox 571 2150 628 2180; x_wconf 86' lang='lat' dir='ltr'>das</span> <span class='ocrx_word' id='word_1_281' title='bbox 642 2147 785 2181; x_wconf 78' lang='lat' dir='ltr'>Verfah-</span> 
     </span>
     <span class='ocr_line' id='line_1_41' title="bbox 116 2194 785 2235; baseline 0.003 -12"><span class='ocrx_word' id='word_1_282' title='bbox 116 2204 172 2223; x_wconf 88' lang='lat' dir='ltr'>ren</span> <span class='ocrx_word' id='word_1_283' title='bbox 198 2194 324 2235; x_wconf 88' lang='lat' dir='ltr'>Scipios</span> <span class='ocrx_word' id='word_1_284' title='bbox 356 2195 495 2225; x_wconf 85' lang='lat' dir='ltr'>leichter</span> <span class='ocrx_word' id='word_1_285' title='bbox 518 2205 557 2225; x_wconf 90' lang='lat' dir='ltr'>zu</span> <span class='ocrx_word' id='word_1_286' title='bbox 584 2194 785 2225; x_wconf 83' lang='lat' dir='ltr'>entschuldi-</span> 
     </span>
     <span class='ocr_line' id='line_1_42' title="bbox 115 2237 787 2280; baseline 0.006 -12"><span class='ocrx_word' id='word_1_287' title='bbox 115 2249 189 2277; x_wconf 80' lang='lat' dir='ltr'>gen.</span> <span class='ocrx_word' id='word_1_288' title='bbox 218 2257 262 2261; x_wconf 90' lang='lat'><strong>—</strong></span> <span class='ocrx_word' id='word_1_289' title='bbox 290 2249 426 2270; x_wconf 80' lang='lat' dir='ltr'>eausam</span> <span class='ocrx_word' id='word_1_290' title='bbox 457 2250 487 2270; x_wconf 87' lang='lat' dir='ltr'>n.</span> <span class='ocrx_word' id='word_1_291' title='bbox 517 2239 670 2280; x_wconf 68' lang='lat' dir='ltr'>tollendi,</span> <span class='ocrx_word' id='word_1_292' title='bbox 700 2237 787 2272; x_wconf 60' lang='grc' dir='ltr'>Ὦτ-</span> 
     </span>
     <span class='ocr_line' id='line_1_43' title="bbox 117 2283 224 2314; baseline 0 -1"><span class='ocrx_word' id='word_1_293' title='bbox 117 2283 224 2314; x_wconf 85' lang='lat' dir='ltr'>wand.</span> 
     </span>
    </p>

    <p class='ocr_par' dir='ltr' id='par_1_9' title="bbox 115 2328 788 2688">
     <span class='ocr_line' id='line_1_44' title="bbox 162 2328 788 2370; baseline 0.002 -11"><span class='ocrx_word' id='word_1_294' title='bbox 162 2328 295 2360; x_wconf 80' lang='lat'>9—10.</span> <span class='ocrx_word' id='word_1_295' title='bbox 328 2328 496 2369; x_wconf 72' lang='lat' dir='ltr'>tendente,</span> <span class='ocrx_word' id='word_1_296' title='bbox 522 2328 580 2370; x_wconf 87' lang='lat'>23,</span> <span class='ocrx_word' id='word_1_297' title='bbox 609 2329 663 2366; x_wconf 80' lang='lat'>14,</span> <span class='ocrx_word' id='word_1_298' title='bbox 690 2329 720 2360; x_wconf 82' lang='lat'>8.</span> <span class='ocrx_word' id='word_1_299' title='bbox 744 2347 788 2352; x_wconf 89' lang='lat'>—</span> 
     </span>
     <span class='ocr_line' id='line_1_45' title="bbox 115 2373 782 2416; baseline 0.001 -12"><span class='ocrx_word' id='word_1_300' title='bbox 115 2373 200 2405; x_wconf 76' lang='lat' dir='ltr'>nulli</span> <span class='ocrx_word' id='word_1_301' title='bbox 226 2374 286 2412; x_wconf 88' lang='grc' dir='ltr'>αἱ.,</span> <span class='ocrx_word' id='word_1_302' title='bbox 311 2384 351 2404; x_wconf 89' lang='lat' dir='ltr'>zu</span> <span class='ocrx_word' id='word_1_303' title='bbox 381 2373 535 2404; x_wconf 65' lang='lat' dir='ltr'>erkli‘iren</span> <span class='ocrx_word' id='word_1_304' title='bbox 560 2374 639 2404; x_wconf 85' lang='lat' dir='ltr'>nach</span> <span class='ocrx_word' id='word_1_305' title='bbox 667 2373 782 2416; x_wconf 80' lang='lat' dir='ltr'>Polyb.</span> 
     </span>
     <span class='ocr_line' id='line_1_46' title="bbox 118 2415 783 2462; baseline 0.002 -13"><span class='ocrx_word' id='word_1_306' title='bbox 118 2429 145 2449; x_wconf 87' lang='lat' dir='ltr'>c.</span> <span class='ocrx_word' id='word_1_307' title='bbox 172 2419 207 2450; x_wconf 82' lang='lat'>2:</span> <span class='ocrx_word' id='word_1_308' title='bbox 233 2417 381 2462; x_wconf 73' lang='grc' dir='ltr'><em>ἔπεμπε</em></span> <span class='ocrx_word' id='word_1_309' title='bbox 404 2418 576 2461; x_wconf 72' lang='grc' dir='ltr'>πρέσβεις</span> <span class='ocrx_word' id='word_1_310' title='bbox 598 2415 783 2459; x_wconf 72' lang='grc' dir='ltr'><em>δηλώσον-</em></span> 
     </span>
     <span class='ocr_line' id='line_1_47' title="bbox 117 2460 782 2507; baseline 0 -13"><span class='ocrx_word' id='word_1_311' title='bbox 117 2474 180 2499; x_wconf 83' lang='grc' dir='ltr'>τας</span> <span class='ocrx_word' id='word_1_312' title='bbox 208 2465 257 2505; x_wconf 82' lang='grc' dir='ltr'>τῷ</span> <span class='ocrx_word' id='word_1_313' title='bbox 282 2461 428 2506; x_wconf 64' lang='grc' dir='ltr'>Σύᾳακι</span> <span class='ocrx_word' id='word_1_314' title='bbox 460 2460 555 2495; x_wconf 76' lang='grc' dir='ltr'><em>διότι</em></span> <span class='ocrx_word' id='word_1_315' title='bbox 593 2465 782 2507; x_wconf 77' lang='grc' dir='ltr'><em>συμβαίνει</em></span> 
     </span>
     <span class='ocr_line' id='line_1_48' title="bbox 116 2504 785 2552; baseline -0.003 -12"><span class='ocrx_word' id='word_1_316' title='bbox 116 2504 182 2540; x_wconf 83' lang='grc' dir='ltr'>τὸν</span> <span class='ocrx_word' id='word_1_317' title='bbox 217 2507 287 2552; x_wconf 76' lang='grc' dir='ltr'>μὲν</span> <span class='ocrx_word' id='word_1_318' title='bbox 320 2506 493 2541; x_wconf 70' lang='grc' dir='ltr'><em>Πόπλιον</em></span> <span class='ocrx_word' id='word_1_319' title='bbox 527 2505 692 2541; x_wconf 60' lang='lat' dir='ltr'>audonem»</span> <span class='ocrx_word' id='word_1_320' title='bbox 725 2509 785 2540; x_wconf 83' lang='grc' dir='ltr'>καὶ</span> 
     </span>
     <span class='ocr_line' id='line_1_49' title="bbox 118 2550 784 2598; baseline 0 -13"><span class='ocrx_word' id='word_1_321' title='bbox 118 2551 345 2591; x_wconf 69' lang='grc' dir='ltr'><em>σπουδάζειν</em></span> <span class='ocrx_word' id='word_1_322' title='bbox 388 2550 482 2596; x_wconf 72' lang='grc' dir='ltr'>ὑπὲρ</span> <span class='ocrx_word' id='word_1_323' title='bbox 526 2554 588 2594; x_wconf 83' lang='grc' dir='ltr'>τῆς</span> <span class='ocrx_word' id='word_1_324' title='bbox 632 2550 784 2598; x_wconf 76' lang='grc' dir='ltr'>εἰρήνης,</span> 
     </span>
     <span class='ocr_line' id='line_1_50' title="bbox 116 2595 784 2642; baseline 0 -13"><span class='ocrx_word' id='word_1_325' title='bbox 116 2595 220 2634; x_wconf 79' lang='grc' dir='ltr'><em>τοὺς</em></span> <span class='ocrx_word' id='word_1_326' title='bbox 243 2595 279 2630; x_wconf 71' lang='grc' dir='ltr'>δ’</span> <span class='ocrx_word' id='word_1_327' title='bbox 307 2598 350 2631; x_wconf 75' lang='grc' dir='ltr'>ἐν</span> <span class='ocrx_word' id='word_1_328' title='bbox 378 2600 433 2641; x_wconf 78' lang='grc' dir='ltr'>τῷ</span> <span class='ocrx_word' id='word_1_329' title='bbox 459 2598 678 2642; x_wconf 69' lang='grc' dir='ltr'>συνεδρίῳ</span> <span class='ocrx_word' id='word_1_330' title='bbox 704 2597 784 2630; x_wconf 71' lang='grc' dir='ltr'><em>δια-</em></span> 
     </span>
     <span class='ocr_line' id='line_1_51' title="bbox 117 2641 785 2688; baseline 0.003 -13"><span class='ocrx_word' id='word_1_331' title='bbox 117 2643 302 2688; x_wconf 73' lang='grc' dir='ltr'>φέρεσθαι</span> <span class='ocrx_word' id='word_1_332' title='bbox 339 2644 398 2676; x_wconf 81' lang='grc' dir='ltr'>καὶ</span> <span class='ocrx_word' id='word_1_333' title='bbox 437 2641 552 2688; x_wconf 74' lang='grc' dir='ltr'><em>φάναι</em></span> <span class='ocrx_word' id='word_1_334' title='bbox 595 2644 785 2687; x_wconf 71' lang='grc' dir='ltr'><em>διαμένειν</em></span> 
     </span>
    </p>
   </div>
   <div class='ocr_carea' id='block_1_8' title="bbox 853 1514 1534 2144">
    <p class='ocr_par' dir='ltr' id='par_1_10' title="bbox 853 1514 1534 1830">
     <span class='ocr_line' id='line_1_52' title="bbox 861 1514 1532 1561; baseline 0.001 -13"><span class='ocrx_word' id='word_1_335' title='bbox 861 1515 924 1548; x_wconf 72' lang='grc' dir='ltr'>ἐπὶ</span> <span class='ocrx_word' id='word_1_336' title='bbox 942 1517 1015 1550; x_wconf 80' lang='grc' dir='ltr'>τῶν</span> <span class='ocrx_word' id='word_1_337' title='bbox 1032 1514 1298 1561; x_wconf 70' lang='grc' dir='ltr'>ὑποκειμένων.</span> <span class='ocrx_word' id='word_1_338' title='bbox 1317 1536 1361 1540; x_wconf 88' lang='lat'>—</span> <span class='ocrx_word' id='word_1_339' title='bbox 1376 1519 1472 1561; x_wconf 74' lang='lat' dir='ltr'>pacis</span> <span class='ocrx_word' id='word_1_340' title='bbox 1488 1535 1532 1540; x_wconf 93' lang='lat'>-—</span> 
     </span>
     <span class='ocr_line' id='line_1_53' title="bbox 862 1560 1532 1603; baseline 0.001 -10"><span class='ocrx_word' id='word_1_341' title='bbox 862 1572 947 1603; x_wconf 81' lang='lat' dir='ltr'>cum,</span> <span class='ocrx_word' id='word_1_342' title='bbox 966 1563 1048 1593; x_wconf 85' lang='lat' dir='ltr'>iiber</span> <span class='ocrx_word' id='word_1_343' title='bbox 1065 1563 1117 1593; x_wconf 82' lang='lat' dir='ltr'>die</span> <span class='ocrx_word' id='word_1_344' title='bbox 1135 1560 1217 1594; x_wconf 87' lang='lat' dir='ltr'>freie</span> <span class='ocrx_word' id='word_1_345' title='bbox 1238 1562 1489 1603; x_wconf 85' lang='lat' dir='ltr'>Wortstellung</span> <span class='ocrx_word' id='word_1_346' title='bbox 1505 1573 1532 1594; x_wconf 90' lang='lat' dir='ltr'>s.</span> 
     </span>
     <span class='ocr_line' id='line_1_54' title="bbox 861 1599 1534 1648; baseline 0.001 -10"><span class='ocrx_word' id='word_1_347' title='bbox 861 1599 919 1646; x_wconf 73' lang='lat'>28,</span> <span class='ocrx_word' id='word_1_348' title='bbox 946 1607 983 1648; x_wconf 87' lang='lat'>2,</span> <span class='ocrx_word' id='word_1_349' title='bbox 1012 1608 1068 1646; x_wconf 80' lang='lat'>153</span> <span class='ocrx_word' id='word_1_350' title='bbox 1089 1608 1170 1638; x_wconf 88' lang='lat' dir='ltr'>doch</span> <span class='ocrx_word' id='word_1_351' title='bbox 1188 1609 1231 1639; x_wconf 84' lang='lat' dir='ltr'>ist</span> <span class='ocrx_word' id='word_1_352' title='bbox 1249 1608 1300 1639; x_wconf 87' lang='lat' dir='ltr'>die</span> <span class='ocrx_word' id='word_1_353' title='bbox 1319 1608 1425 1640; x_wconf 77' lang='lat' dir='ltr'>Stelle</span> <span class='ocrx_word' id='word_1_354' title='bbox 1444 1609 1534 1639; x_wconf 83' lang='lat' dir='ltr'>nicht</span> 
     </span>
     <span class='ocr_line' id='line_1_55' title="bbox 861 1653 1530 1695; baseline 0.003 -13"><span class='ocrx_word' id='word_1_355' title='bbox 861 1653 984 1693; x_wconf 89' lang='lat' dir='ltr'>sicher,</span> <span class='ocrx_word' id='word_1_356' title='bbox 1011 1653 1050 1683; x_wconf 81' lang='lat' dir='ltr'>da</span> <span class='ocrx_word' id='word_1_357' title='bbox 1073 1655 1167 1695; x_wconf 77' lang='lat' dir='ltr'>pacis</span> <span class='ocrx_word' id='word_1_358' title='bbox 1189 1663 1290 1694; x_wconf 74' lang='lat' dir='ltr'>quam</span> <span class='ocrx_word' id='word_1_359' title='bbox 1313 1654 1344 1684; x_wconf 91' lang='lat' dir='ltr'>in</span> <span class='ocrx_word' id='word_1_360' title='bbox 1369 1654 1429 1684; x_wconf 90' lang='lat' dir='ltr'>den</span> <span class='ocrx_word' id='word_1_361' title='bbox 1455 1653 1530 1684; x_wconf 86' lang='lat' dir='ltr'>Hss.</span> 
     </span>
     <span class='ocr_line' id='line_1_56' title="bbox 858 1695 1529 1738; baseline 0.003 -11"><span class='ocrx_word' id='word_1_362' title='bbox 858 1695 953 1728; x_wconf 85' lang='lat' dir='ltr'>fehlt.</span> <span class='ocrx_word' id='word_1_363' title='bbox 976 1716 1020 1720; x_wconf 77' lang='lat'>—</span> <span class='ocrx_word' id='word_1_364' title='bbox 1043 1697 1215 1738; x_wconf 70' lang='lat' dir='ltr'>liberas,</span> <span class='ocrx_word' id='word_1_365' title='bbox 1240 1709 1292 1729; x_wconf 89' lang='lat' dir='ltr'>um</span> <span class='ocrx_word' id='word_1_366' title='bbox 1318 1699 1406 1729; x_wconf 85' lang='lat' dir='ltr'>nicht</span> <span class='ocrx_word' id='word_1_367' title='bbox 1430 1698 1529 1729; x_wconf 85' lang='lat' dir='ltr'>durch</span> 
     </span>
     <span class='ocr_line' id='line_1_57' title="bbox 859 1741 1532 1784; baseline 0.003 -12"><span class='ocrx_word' id='word_1_368' title='bbox 859 1742 930 1773; x_wconf 87' lang='lat' dir='ltr'>sein</span> <span class='ocrx_word' id='word_1_369' title='bbox 941 1741 1041 1773; x_wconf 84' lang='lat' dir='ltr'>VVort</span> <span class='ocrx_word' id='word_1_370' title='bbox 1054 1742 1225 1781; x_wconf 78' lang='lat' dir='ltr'>gebunden</span> <span class='ocrx_word' id='word_1_371' title='bbox 1241 1754 1281 1773; x_wconf 91' lang='lat' dir='ltr'>zu</span> <span class='ocrx_word' id='word_1_372' title='bbox 1296 1744 1365 1774; x_wconf 87' lang='lat' dir='ltr'>sein</span> <span class='ocrx_word' id='word_1_373' title='bbox 1378 1754 1384 1779; x_wconf 87' lang='grc'>;</span> <span class='ocrx_word' id='word_1_374' title='bbox 1399 1743 1511 1784; x_wconf 82' lang='lat' dir='ltr'>Polyb.</span> <span class='ocrx_word' id='word_1_375' title='bbox 1525 1755 1532 1773; x_wconf 89' lang='lat'>:</span> 
     </span>
     <span class='ocr_line' id='line_1_58' title="bbox 853 1783 1434 1830; baseline 0.002 -12"><span class='ocrx_word' id='word_1_376' title='bbox 853 1783 967 1829; x_wconf 69' lang='grc' dir='ltr'><em>χάριν</em></span> <span class='ocrx_word' id='word_1_377' title='bbox 984 1788 1048 1818; x_wconf 81' lang='grc' dir='ltr'>τοῦ</span> <span class='ocrx_word' id='word_1_378' title='bbox 1065 1785 1116 1830; x_wconf 77' lang='grc' dir='ltr'>μὴ</span> <span class='ocrx_word' id='word_1_379' title='bbox 1134 1786 1434 1830; x_wconf 69' lang='grc' dir='ltr'><em>παρασπονδεῖν.</em></span> 
     </span>
    </p>

    <p class='ocr_par' dir='ltr' id='par_1_11' title="bbox 859 1831 1533 2089">
     <span class='ocr_line' id='line_1_59' title="bbox 909 1831 1533 1873; baseline 0.002 -11"><span class='ocrx_word' id='word_1_380' title='bbox 909 1831 959 1863; x_wconf 91' lang='lat'>11.</span> <span class='ocrx_word' id='word_1_381' title='bbox 985 1842 1089 1873; x_wconf 70' lang='lat' dir='ltr'>super</span> <span class='ocrx_word' id='word_1_382' title='bbox 1109 1831 1203 1872; x_wconf 61' lang='lat' dir='ltr'>Istic„</span> <span class='ocrx_word' id='word_1_383' title='bbox 1222 1843 1248 1863; x_wconf 70' lang='lat' dir='ltr'>S.</span> <span class='ocrx_word' id='word_1_384' title='bbox 1269 1832 1321 1871; x_wconf 77' lang='lat'>29,</span> <span class='ocrx_word' id='word_1_385' title='bbox 1341 1832 1393 1872; x_wconf 81' lang='lat'>35,</span> <span class='ocrx_word' id='word_1_386' title='bbox 1414 1833 1450 1870; x_wconf 74' lang='grc' dir='ltr'>’ῖς</span> <span class='ocrx_word' id='word_1_387' title='bbox 1470 1832 1533 1864; x_wconf 88' lang='grc' dir='ltr'>Ρο-</span> 
     </span>
     <span class='ocr_line' id='line_1_60' title="bbox 860 1874 1532 1920; baseline 0.004 -13"><span class='ocrx_word' id='word_1_388' title='bbox 860 1875 1025 1919; x_wconf 72' lang='lat' dir='ltr'>lyb.:1ov</span> <span class='ocrx_word' id='word_1_389' title='bbox 1038 1874 1131 1920; x_wconf 77' lang='grc' dir='ltr'>ὑπὲρ</span> <span class='ocrx_word' id='word_1_390' title='bbox 1152 1874 1215 1918; x_wconf 74' lang='grc' dir='ltr'>τὴν</span> <span class='ocrx_word' id='word_1_391' title='bbox 1235 1874 1345 1909; x_wconf 75' lang='grc' dir='ltr'><em>πόλιν</em></span> <span class='ocrx_word' id='word_1_392' title='bbox 1362 1879 1532 1917; x_wconf 71' lang='grc' dir='ltr'><em>κείμενον</em></span> 
     </span>
     <span class='ocr_line' id='line_1_61' title="bbox 859 1918 1531 1965; baseline 0.003 -13"><span class='ocrx_word' id='word_1_393' title='bbox 859 1918 998 1965; x_wconf 64' lang='grc' dir='ltr'><em>λόφονς</em></span> <span class='ocrx_word' id='word_1_394' title='bbox 1025 1932 1062 1953; x_wconf 84' lang='lat' dir='ltr'>cr</span> <span class='ocrx_word' id='word_1_395' title='bbox 1085 1923 1209 1953; x_wconf 81' lang='lat' dir='ltr'>miisste</span> <span class='ocrx_word' id='word_1_396' title='bbox 1235 1924 1315 1953; x_wconf 84' lang='lat' dir='ltr'>nach</span> <span class='ocrx_word' id='word_1_397' title='bbox 1341 1921 1421 1954; x_wconf 80' lang='lat' dir='ltr'>dein</span> <span class='ocrx_word' id='word_1_398' title='bbox 1438 1923 1531 1963; x_wconf 82' lang='lat' dir='ltr'>Folg.</span> 
     </span>
     <span class='ocr_line' id='line_1_62' title="bbox 860 1967 1532 2007; baseline 0.003 -10"><span class='ocrx_word' id='word_1_399' title='bbox 860 1968 1025 1998; x_wconf 82' lang='lat' dir='ltr'>zwischen</span> <span class='ocrx_word' id='word_1_400' title='bbox 1053 1968 1124 1998; x_wconf 82' lang='lat' dir='ltr'>dem</span> <span class='ocrx_word' id='word_1_401' title='bbox 1143 1967 1250 2007; x_wconf 65' lang='lat' dir='ltr'>Lagei·</span> <span class='ocrx_word' id='word_1_402' title='bbox 1275 1968 1339 1998; x_wconf 85' lang='lat' dir='ltr'>und</span> <span class='ocrx_word' id='word_1_403' title='bbox 1358 1969 1417 1999; x_wconf 87' lang='lat' dir='ltr'>der</span> <span class='ocrx_word' id='word_1_404' title='bbox 1435 1968 1532 1999; x_wconf 81' lang='lat' dir='ltr'>stadt</span> 
     </span>
     <span class='ocr_line' id='line_1_63' title="bbox 860 2012 1529 2053; baseline 0 -10"><span class='ocrx_word' id='word_1_405' title='bbox 860 2012 1000 2052; x_wconf 81' lang='lat' dir='ltr'>gelegen</span> <span class='ocrx_word' id='word_1_406' title='bbox 1025 2012 1140 2044; x_wconf 85' lang='lat' dir='ltr'>haben.</span> <span class='ocrx_word' id='word_1_407' title='bbox 1157 2031 1202 2035; x_wconf 88' lang='lat'><strong>—</strong></span> <span class='ocrx_word' id='word_1_408' title='bbox 1220 2012 1351 2053; x_wconf 71' lang='lat' dir='ltr'>relicta,</span> <span class='ocrx_word' id='word_1_409' title='bbox 1371 2014 1428 2045; x_wconf 86' lang='lat' dir='ltr'>das</span> <span class='ocrx_word' id='word_1_410' title='bbox 1447 2014 1529 2044; x_wconf 80' lang='lat' dir='ltr'>daun</span> 
     </span>
     <span class='ocr_line' id='line_1_64' title="bbox 860 2057 1268 2089; baseline 0 0"><span class='ocrx_word' id='word_1_411' title='bbox 860 2057 1033 2089; x_wconf 80' lang='lat' dir='ltr'>verlassen</span> <span class='ocrx_word' id='word_1_412' title='bbox 1052 2058 1122 2088; x_wconf 76' lang='lat' dir='ltr'>sein</span> <span class='ocrx_word' id='word_1_413' title='bbox 1142 2058 1268 2089; x_wconf 85' lang='lat' dir='ltr'>wiirde.</span> 
     </span>
    </p>

    <p class='ocr_par' dir='ltr' id='par_1_12' title="bbox 904 2097 1531 2144">
     <span class='ocr_line' id='line_1_65' title="bbox 904 2097 1531 2144; baseline 0 -11"><span class='ocrx_word' id='word_1_414' title='bbox 904 2097 944 2133; x_wconf 87' lang='lat'>5.</span> <span class='ocrx_word' id='word_1_415' title='bbox 974 2102 1083 2143; x_wconf 58' lang='lat'>12—2.</span> <span class='ocrx_word' id='word_1_416' title='bbox 1120 2103 1271 2142; x_wconf 70' lang='lat' dir='ltr'>consilio,</span> <span class='ocrx_word' id='word_1_417' title='bbox 1296 2103 1356 2134; x_wconf 79' lang='lat' dir='ltr'>den</span> <span class='ocrx_word' id='word_1_418' title='bbox 1376 2104 1531 2144; x_wconf 77' lang='lat' dir='ltr'>Qu&#39;a&#39;stor,</span> 
     </span>
    </p>
   </div>
   <div class='ocr_carea' id='block_1_9' title="bbox 1564 782 1604 814">
    <p class='ocr_par' dir='ltr' id='par_1_13' title="bbox 1564 782 1604 814">
     <span class='ocr_line' id='line_1_66' title="bbox 1564 782 1604 814; baseline 0 0"><span class='ocrx_word' id='word_1_419' title='bbox 1564 782 1604 814; x_wconf 88' lang='lat'>10</span> 
     </span>
    </p>
   </div>
   <div class='ocr_carea' id='block_1_10' title="bbox 1564 952 1601 984">
    <p class='ocr_par' dir='ltr' id='par_1_14' title="bbox 1564 952 1601 984">
     <span class='ocr_line' id='line_1_67' title="bbox 1564 952 1601 984; baseline 0.027 -1"><span class='ocrx_word' id='word_1_420' title='bbox 1564 952 1601 984; x_wconf 85' lang='lat'>11</span> 
     </span>
    </p>
   </div>
   <div class='ocr_carea' id='block_1_11' title="bbox 1564 1121 1603 1154">
    <p class='ocr_par' dir='ltr' id='par_1_15' title="bbox 1564 1121 1603 1154">
     <span class='ocr_line' id='line_1_68' title="bbox 1564 1121 1603 1154; baseline 0.026 -1"><span class='ocrx_word' id='word_1_421' title='bbox 1564 1121 1603 1154; x_wconf 90' lang='grc'>12</span> 
     </span>
    </p>
   </div>
   <div class='ocr_carea' id='block_1_12' title="bbox 860 2148 1574 2187">
    <p class='ocr_par' dir='ltr' id='par_1_16' title="bbox 860 2148 1574 2187">
     <span class='ocr_line' id='line_1_69' title="bbox 860 2148 1574 2187; baseline 0.001 -9"><span class='ocrx_word' id='word_1_422' title='bbox 860 2148 911 2178; x_wconf 88' lang='lat' dir='ltr'>die</span> <span class='ocrx_word' id='word_1_423' title='bbox 930 2148 1090 2187; x_wconf 81' lang='lat' dir='ltr'>Legaten,</span> <span class='ocrx_word' id='word_1_424' title='bbox 1122 2148 1289 2179; x_wconf 88' lang='lat' dir='ltr'>Tribunen</span> <span class='ocrx_word' id='word_1_425' title='bbox 1311 2159 1341 2178; x_wconf 84' lang='lat' dir='ltr'>u.</span> <span class='ocrx_word' id='word_1_426' title='bbox 1362 2158 1387 2179; x_wconf 78' lang='lat' dir='ltr'>s.</span> <span class='ocrx_word' id='word_1_427' title='bbox 1409 2158 1448 2179; x_wconf 88' lang='lat' dir='ltr'>w.</span> <span class='ocrx_word' id='word_1_428' title='bbox 1466 2148 1529 2179; x_wconf 86' lang='lat' dir='ltr'>Po·</span> <span class='ocrx_word' id='word_1_429' title='bbox 1566 2160 1574 2163; x_wconf 34' lang='grc' dir='ltr'><em>Α</em></span> 
     </span>
    </p>
   </div>
   <div class='ocr_carea' id='block_1_13' title="bbox 857 2190 1532 2687">
    <p class='ocr_par' dir='ltr' id='par_1_17' title="bbox 857 2190 1532 2687">
     <span class='ocr_line' id='line_1_70' title="bbox 860 2190 1530 2235; baseline 0 -11"><span class='ocrx_word' id='word_1_430' title='bbox 860 2193 928 2235; x_wconf 76' lang='lat' dir='ltr'>lyb.</span> <span class='ocrx_word' id='word_1_431' title='bbox 960 2192 996 2223; x_wconf 88' lang='lat'>3:</span> <span class='ocrx_word' id='word_1_432' title='bbox 1022 2194 1094 2224; x_wconf 78' lang='grc' dir='ltr'>τῶν</span> <span class='ocrx_word' id='word_1_433' title='bbox 1112 2191 1319 2235; x_wconf 57' lang='grc' dir='ltr'><em>χιζιάρχων</em></span> <span class='ocrx_word' id='word_1_434' title='bbox 1343 2190 1427 2228; x_wconf 78' lang='grc' dir='ltr'><em>τοὺς</em></span> <span class='ocrx_word' id='word_1_435' title='bbox 1451 2191 1530 2224; x_wconf 69' lang='grc' dir='ltr'><em>ἑπι-</em></span> 
     </span>
     <span class='ocr_line' id='line_1_71' title="bbox 859 2235 1531 2278; baseline 0.001 -9"><span class='ocrx_word' id='word_1_436' title='bbox 859 2235 1116 2278; x_wconf 68' lang='grc' dir='ltr'>τηδειοτάτους</span> <span class='ocrx_word' id='word_1_437' title='bbox 1129 2238 1184 2268; x_wconf 79' lang='grc' dir='ltr'>καὶ</span> <span class='ocrx_word' id='word_1_438' title='bbox 1204 2236 1451 2273; x_wconf 64' lang='grc' dir='ltr'>πιστοτάτους</span> <span class='ocrx_word' id='word_1_439' title='bbox 1470 2249 1531 2270; x_wconf 80' lang='grc' dir='ltr'>κα-</span> 
     </span>
     <span class='ocr_line' id='line_1_72' title="bbox 859 2280 1532 2335; baseline 0.003 -22"><span class='ocrx_word' id='word_1_440' title='bbox 859 2282 967 2318; x_wconf 72' lang='grc' dir='ltr'><em>λέσας</em></span> <span class='ocrx_word' id='word_1_441' title='bbox 992 2283 1074 2327; x_wconf 73' lang='grc' dir='ltr'>περὶ,</span> <span class='ocrx_word' id='word_1_442' title='bbox 1093 2283 1212 2335; x_wconf 51' lang='grc' dir='ltr'>,μέσον</span> <span class='ocrx_word' id='word_1_443' title='bbox 1231 2280 1368 2327; x_wconf 75' lang='grc' dir='ltr'><strong><em>ἡμέρας</em></strong></span> <span class='ocrx_word' id='word_1_444' title='bbox 1385 2282 1532 2324; x_wconf 71' lang='grc' dir='ltr'>ἐξέθηκε</span> 
     </span>
     <span class='ocr_line' id='line_1_73' title="bbox 860 2325 1528 2370; baseline 0 -11"><span class='ocrx_word' id='word_1_445' title='bbox 860 2325 926 2369; x_wconf 73' lang='grc' dir='ltr'>τὴν</span> <span class='ocrx_word' id='word_1_446' title='bbox 949 2327 1140 2369; x_wconf 69' lang='grc' dir='ltr'>ἑπιβολην,</span> <span class='ocrx_word' id='word_1_447' title='bbox 1166 2329 1280 2370; x_wconf 68' lang='grc' dir='ltr'>ερέὴοῐ·</span> <span class='ocrx_word' id='word_1_448' title='bbox 1301 2333 1372 2359; x_wconf 83' lang='lat' dir='ltr'>erst</span> <span class='ocrx_word' id='word_1_449' title='bbox 1395 2329 1528 2360; x_wconf 81' lang='lat' dir='ltr'>werden</span> 
     </span>
     <span class='ocr_line' id='line_1_74' title="bbox 862 2373 1529 2416; baseline 0.001 -12"><span class='ocrx_word' id='word_1_450' title='bbox 862 2374 914 2404; x_wconf 92' lang='lat' dir='ltr'>die</span> <span class='ocrx_word' id='word_1_451' title='bbox 939 2374 1062 2415; x_wconf 77' lang='lat' dir='ltr'>Spione</span> <span class='ocrx_word' id='word_1_452' title='bbox 1086 2374 1215 2412; x_wconf 79' lang='lat' dir='ltr'>geho&#39;rt.</span> <span class='ocrx_word' id='word_1_453' title='bbox 1240 2390 1285 2396; x_wconf 84' lang='lat'>——·</span> <span class='ocrx_word' id='word_1_454' title='bbox 1307 2373 1529 2416; x_wconf 76' lang='lat' dir='ltr'>Masinissaq.</span> 
     </span>
     <span class='ocr_line' id='line_1_75' title="bbox 859 2418 1527 2459; baseline -0.001 -10"><span class='ocrx_word' id='word_1_455' title='bbox 859 2419 959 2449; x_wconf 87' lang='lat' dir='ltr'>durch</span> <span class='ocrx_word' id='word_1_456' title='bbox 975 2419 1026 2450; x_wconf 86' lang='lat' dir='ltr'>die</span> <span class='ocrx_word' id='word_1_457' title='bbox 1037 2418 1216 2457; x_wconf 74' lang='lat' dir='ltr'>Trcnnung</span> <span class='ocrx_word' id='word_1_458' title='bbox 1230 2419 1390 2459; x_wconf 76' lang='lat' dir='ltr'>gehohen,</span> <span class='ocrx_word' id='word_1_459' title='bbox 1405 2419 1527 2450; x_wconf 83' lang='lat' dir='ltr'>ebenso</span> 
     </span>
     <span class='ocr_line' id='line_1_76' title="bbox 858 2463 1528 2505; baseline 0.003 -11"><span class='ocrx_word' id='word_1_460' title='bbox 858 2463 878 2505; x_wconf 64' lang='grc' dir='ltr'>ξ</span> <span class='ocrx_word' id='word_1_461' title='bbox 897 2464 926 2495; x_wconf 75' lang='grc'>4.</span> <span class='ocrx_word' id='word_1_462' title='bbox 946 2482 989 2486; x_wconf 92' lang='grc'><strong>-</strong></span> <span class='ocrx_word' id='word_1_463' title='bbox 1008 2464 1122 2494; x_wconf 71' lang='lat' dir='ltr'>omnia</span> <span class='ocrx_word' id='word_1_464' title='bbox 1138 2464 1186 2505; x_wconf 84' lang='grc' dir='ltr'>Ιι.,</span> <span class='ocrx_word' id='word_1_465' title='bbox 1206 2464 1265 2502; x_wconf 70' lang='grc'>29,</span> <span class='ocrx_word' id='word_1_466' title='bbox 1284 2463 1323 2503; x_wconf 83' lang='grc'>2,</span> <span class='ocrx_word' id='word_1_467' title='bbox 1343 2464 1373 2503; x_wconf 83' lang='grc'>6,</span> <span class='ocrx_word' id='word_1_468' title='bbox 1392 2464 1457 2504; x_wconf 87' lang='lat' dir='ltr'>vgl.</span> <span class='ocrx_word' id='word_1_469' title='bbox 1476 2464 1528 2504; x_wconf 82' lang='lat'>24,</span> 
     </span>
     <span class='ocr_line' id='line_1_77' title="bbox 859 2509 1528 2550; baseline 0.003 -11"><span class='ocrx_word' id='word_1_470' title='bbox 859 2510 919 2547; x_wconf 82' lang='lat'>25,</span> <span class='ocrx_word' id='word_1_471' title='bbox 946 2509 997 2540; x_wconf 77' lang='lat'>10.</span> <span class='ocrx_word' id='word_1_472' title='bbox 1015 2528 1055 2531; x_wconf 90' lang='lat'>—-</span> <span class='ocrx_word' id='word_1_473' title='bbox 1074 2511 1266 2550; x_wconf 73' lang='lat' dir='ltr'>postremo,</span> <span class='ocrx_word' id='word_1_474' title='bbox 1292 2510 1370 2539; x_wconf 77' lang='lat' dir='ltr'>nach</span> <span class='ocrx_word' id='word_1_475' title='bbox 1390 2510 1461 2540; x_wconf 85' lang='lat' dir='ltr'>dem</span> <span class='ocrx_word' id='word_1_476' title='bbox 1480 2510 1528 2541; x_wconf 86' lang='lat' dir='ltr'>ei-</span> 
     </span>
     <span class='ocr_line' id='line_1_78' title="bbox 859 2554 1526 2586; baseline 0.001 -1"><span class='ocrx_word' id='word_1_477' title='bbox 859 2564 919 2585; x_wconf 87' lang='lat' dir='ltr'>nen</span> <span class='ocrx_word' id='word_1_478' title='bbox 960 2554 1150 2586; x_wconf 78' lang='lat' dir='ltr'>Nebensatz</span> <span class='ocrx_word' id='word_1_479' title='bbox 1188 2554 1423 2585; x_wconf 74' lang='lat' dir='ltr'>vrrtretenden</span> <span class='ocrx_word' id='word_1_480' title='bbox 1463 2555 1526 2586; x_wconf 87' lang='lat' dir='ltr'>ahl.</span> 
     </span>
     <span class='ocr_line' id='line_1_79' title="bbox 858 2598 1528 2640; baseline 0.004 -11"><span class='ocrx_word' id='word_1_481' title='bbox 858 2599 980 2637; x_wconf 60' lang='lat' dir='ltr'>absol„</span> <span class='ocrx_word' id='word_1_482' title='bbox 1007 2609 1032 2630; x_wconf 87' lang='lat' dir='ltr'>s.</span> <span class='ocrx_word' id='word_1_483' title='bbox 1059 2598 1174 2631; x_wconf 90' lang='lat' dir='ltr'>lustin.</span> <span class='ocrx_word' id='word_1_484' title='bbox 1202 2598 1257 2640; x_wconf 77' lang='lat'>16,</span> <span class='ocrx_word' id='word_1_485' title='bbox 1282 2599 1318 2640; x_wconf 79' lang='lat'>4,</span> <span class='ocrx_word' id='word_1_486' title='bbox 1349 2599 1384 2631; x_wconf 89' lang='lat'>3:</span> <span class='ocrx_word' id='word_1_487' title='bbox 1408 2599 1467 2632; x_wconf 78' lang='lat' dir='ltr'>diu</span> <span class='ocrx_word' id='word_1_488' title='bbox 1491 2611 1528 2632; x_wconf 73' lang='lat' dir='ltr'>re</span> 
     </span>
     <span class='ocr_line' id='line_1_80' title="bbox 857 2646 1526 2687; baseline 0.001 -12"><span class='ocrx_word' id='word_1_489' title='bbox 857 2646 891 2675; x_wconf 78' lang='lat' dir='ltr'>in</span> <span class='ocrx_word' id='word_1_490' title='bbox 906 2647 1027 2676; x_wconf 79' lang='lat' dir='ltr'>senatu</span> <span class='ocrx_word' id='word_1_491' title='bbox 1041 2646 1189 2676; x_wconf 78' lang='lat' dir='ltr'>tractata</span> <span class='ocrx_word' id='word_1_492' title='bbox 1201 2662 1244 2667; x_wconf 92' lang='lat'>—-</span> <span class='ocrx_word' id='word_1_493' title='bbox 1256 2647 1469 2687; x_wconf 74' lang='lat' dir='ltr'>postremum</span> <span class='ocrx_word' id='word_1_494' title='bbox 1484 2664 1526 2668; x_wconf 83' lang='lat'>—-</span> 
     </span>
    </p>
   </div>
  </div>
 </body>
</html>
