1784 2967
261 227 341 268 318

668 225 793 257 LIBER
817 224 950 257 XXIX.
994 226 1086 258 CAP.

1114 225 1167 257 35.
1188 225 1241 257 36.
1524 241 1549 260 a.
1564 242 1590 260 u.
1605 234 1667 261 550.

261 342 346 368 cum
383 342 480 368 xxxx
514 328 635 366 ferme
671 327 752 365 dies
789 327 1020 379 nequiquam
1059 327 1188 366 omnia
1219 326 1420 377 experiens
1450 326 1670 366 obsedisset

260 386 429 431 Uticam,
453 384 675 424 abscederet
700 383 789 422 inde
809 384 926 423 inrito
947 385 1115 435 incepto.

1163 388 1200 422 et
1218 406 1275 411 ·—
1295 383 1370 422 iam
1392 383 1494 421 enim
1515 383 1667 434 hiemps

259 442 426 481 instabat
445 463 498 469 --
519 444 642 478 castra
665 439 823 479 hiberna
843 440 882 479 in
905 440 1194 492 promunturio,
1217 440 1323 490 quod
1343 439 1449 478 tenui
1464 439 1553 490 iugo
1572 451 1668 478 eon-

260 498 396 537 tinenti
418 496 630 535 adhaerens
652 496 691 534 in
711 496 948 547 aliquantum
969 497 1087 536 maris
1110 496 1279 548 spatium
1302 495 1538 542 extenditur,
1558 508 1668 534 eom-

260 553 401 598 munit,
430 564 508 591 uno
538 552 632 590 vallo
663 557 699 590 et
725 553 869 592 navalia
898 558 1021 592 castra
1048 553 1300 604 amplectitur.
1341 553 1430 602 iugo
1458 552 1586 591 medio
1608 552 1663 590 le-

259 610 417 661 gionum
435 609 572 647 castris
589 608 771 659 inpositis
788 609 887 648 latus
905 610 952 649 ad
969 610 1272 660 septentrionem
1290 621 1447 648 versum
1460 608 1670 647 subductae

258 678 374 705 naves
401 665 628 716 navalesque
655 665 749 704 socii
774 666 973 711 tenebant,
1004 666 1254 705 meridianam
1283 665 1417 704 vallem
1439 665 1487 704 ad
1508 665 1670 704 alterum

180 730 228 818 315
258 723 346 761 litus
367 724 564 772 equitatus.
605 722 700 760 haec
719 721 758 760 in
774 722 899 761 Africa
919 734 1042 773 usque
1063 722 1108 760 ad
1127 727 1341 761 extremum
1360 721 1535 760 autumni
1551 725 1668 772 gesta.

209 780 233 817 6

372 778 528 816 Praeter
548 782 774 816 convectum
795 778 968 829 undique
989 791 1033 816 ex
1051 779 1246 829 populatis
1264 778 1362 817 circa
1378 778 1477 828 agris
1492 778 1672 816 frumen-

258 840 339 874 tum
366 839 683 885 commeatusque
704 847 750 873 ex
772 834 899 873 Sicilia
921 839 1034 886 atque
1054 835 1161 874 Italia
1182 835 1375 880 advectos,
1398 834 1465 873 Cn.
1480 834 1668 873 *Octavius

258 895 489 942 propraetor
504 904 549 929 ex
567 890 744 929 Sardinia
766 891 813 929 ab
833 891 890 929 Ti.
904 890 1060 930 Claudio
1077 896 1268 941 praetore,
1285 891 1393 930 cuius
1411 903 1453 929 ea
1470 890 1670 941 provincia

210 955 229 987 2
258 952 350 993 erat,
372 948 567 996 ingentem
588 948 665 986 vim
686 947 872 986 frumenti
894 947 1062 993 advexit;
1083 948 1298 998 horreaque
1318 959 1399 986 non
1422 947 1549 985 solum
1572 959 1670 997 quae

257 1004 333 1042 iam
354 1004 450 1042 facta
474 1008 585 1042 erant
604 1003 759 1053 repleta,
784 1004 851 1042 sed
873 1016 972 1043 nova
995 1003 1202 1042 aedificata.
1242 1003 1468 1042 vestimenta
1489 1003 1671 1042 exercitui

259 1061 431 1099 deerant:
461 1060 498 1098 id
528 1060 752 1098 mandatum
777 1059 953 1105 Octavio,
982 1065 1025 1099 ut
1046 1072 1132 1098 cum
1154 1064 1332 1111 praetore
1351 1063 1500 1110 ageret,
1524 1059 1556 1098 si
1579 1059 1669 1110 quid

259 1209 318 1239 der
336 1207 542 1247 Belagerung
565 1207 647 1238 wird
665 1208 715 1238 als
735 1212 840 1238 etwas
860 1207 928 1240 Un—

258 1253 483 1284 bedeutendes
522 1253 737 1293 dargestellt,
777 1252 927 1292 obgleieh

258 1299 401 1330 dadurch
420 1298 479 1329 der
496 1296 516 1339 ξ
531 1297 549 1328 6
568 1298 739 1329 erw‘ahnte
754 1297 834 1328 Plan
849 1308 927 1328 ver-

258 1343 354 1375 eitelt
393 1344 457 1373 und
487 1343 596 1384 Scipio
627 1343 802 1382 geniithigt
831 1343 926 1382 wird,

258 1389 432 1419 anderswo
460 1387 766 1429 VVinterquartiere
798 1398 839 1418 zu
870 1398 926 1419 su-

260 1434 353 1464 chen.
393 1432 482 1464 Naeh
507 1433 645 1474 Appian.
670 1443 697 1463 c.
719 1433 756 1463 17
776 1432 926 1464 kommeu

258 1478 445 1509 Hasdrubal
458 1478 521 1508 und
537 1478 670 1519 Syphax
686 1482 757 1508 erst
770 1478 927 1509 nachdem

259 1524 311 1554 die
331 1523 549 1562 Bestiirmung
566 1521 770 1562 ausgegeben
789 1523 841 1562 ist,
861 1524 928 1554 und
951 1552 962 1562 ,
976 1552 985 1557 ,

259 1569 318 1599 der
332 1568 490 1599 Letztere
509 1567 604 1598 sucht
617 1568 667 1598 die
667 1544 930 1607 ²3Entscheidung

259 1614 374 1644 immer
391 1613 472 1643 noch
491 1612 700 1643 hinzuhalten
717 1613 826 1664 μέχρι
846 1613 929 1652 νῆες

258 1668 297 1690 τε
311 1655 456 1702 ἐτεραη
459 1654 702 1699 αυπηγούμει
705 1668 739 1687 αι
751 1654 928 1700 πρὸςτῶν

258 1701 530 1753 Καρχηδονιων
547 1701 778 1744 ἐπιγενοινῒο
793 1702 852 1733 καὶ
865 1713 926 1746 μι-

260 1745 454 1799 σθοᾳόωοι
482 1757 538 1779 ‘tm
542 1745 576 1782 ἐς
599 1746 750 1778 Κελτῶι
772 1747 831 1777 καὶ
854 1749 927 1779 Λι-

257 1789 357 1836 ydem
379 1792 587 1824 ἐπέλ9οιεν.
612 1811 655 1814 ——
673 1794 832 1823 moment.
847 1793 927 1832 sec„

259 1849 285 1870 5.
309 1836 493 1878 28,13,2;
519 1837 550 1874 4,
566 1836 618 1876 27,
637 1836 672 1867 4:
698 1836 828 1868 nullum
852 1848 925 1869 mo-

256 1863 407 1915 mentitm
420 1883 551 1924 facere.
569 1900 612 1904 —
631 1881 830 1922 obsediwsset
853 1891 925 1913 man

257 1929 358 1960 sollte
387 1929 467 1959 el1e1
493 1930 725 1970 oppugnasset
746 1931 925 1965 erwarten,

258 1974 324 2013 vgl.
344 1972 396 2014 28,
411 1972 441 2012 3,
462 1973 492 2003 5.
513 1974 691 2013 —1121·[t0,
716 1982 743 2003 s.
762 1971 814 2011 30,
833 1971 924 2013 3,3;

256 2020 339 2060 App.
366 2013 660 2059 l.l.:s‹7102voi13
683 1997 799 2053 οὕτως
823 2014 926 2059 αἱρή-

196 2068 205 2075 ‘
258 2072 337 2095 σειν
354 2073 418 2103 τηι
435 2060 547 2094 mnu
562 2064 688 2102 (wegen
703 2063 762 2093 der
776 2062 924 2093 Schwie-

256 2109 381 2149 rigkeit
397 2108 457 2138 der
472 2106 755 2147 Erstiirn1ung)3;
769 2107 922 2140 πολιορ-

256 2156 340 2185 κιαι]
358 2150 466 2193 αὐτῆς
482 2154 699 2183 καθίστατο.

306 2198 460 2229 13—14.
487 2200 602 2229 castra
625 2198 705 2238 lu'b„
730 2202 825 2228 sonst
850 2202 925 2237 sagt

258 2243 294 2275 L.
314 2254 375 2274 nur
391 2244 539 2282 hiberna,
556 2243 624 2283 vgl.
644 2254 684 2273 zu
699 2242 751 2281 34,
769 2242 820 2280 13,
835 2242 865 2274 2.
880 2260 925 2265 —

258 2292 290 2321 1'71
309 2289 469 2330 allquanl.
488 2298 592 2328 matu,
617 2299 643 2319 s.
664 2299 692 2318 c.
713 2288 763 2325 18,
785 2288 842 2326 173
870 2286 923 2327 38,

260 2334 313 2373 27,
332 2333 366 2364 6;
383 2344 444 2376 per
462 2333 672 2374 aliquantum
684 2335 851 2375 spatium·
871 2332 923 2373 25,

260 2379 333 2418 35,
333 2379 367 2408 7:
395 2378 659 2418 vg1.44‚11,3:
685 2379 856 2409 eml'netilz
874 2378 923 2408 al-

260 2426 329 2454 lum
359 2423 426 2465 ling
419 2434 491 2461 1·,ιια
522 2404 581 2454 dei
606 2423 683 2460 (Ji-,t
714 2422 830 2453 &stlich
858 2433 921 2453 von

261 2468 363 2502 Utica
384 2468 496 2499 l'olxl)
519 2468 568 2505 14,
588 2468 622 2499 6:
647 2466 711 2519 τὴι
729 2464 843 2511 ἶὶκοαι
860 2465 925 2507 τὴν

263 2511 354 2555 ιοὸς
378 2524 424 2544 ξω
454 2515 570 2545 autom
598 2513 660 2553 τῆς
686 2498 819 2553 ''Jrzmyg
848 2517 924 2552 etr„

262 2558 348 2588 hiess
379 2559 458 2588 noch
489 2559 604 2599 spiiter
632 2563 741 2589 (astra
769 2558 925 2589 Cornelia

262 2603 341 2633 oder
359 2602 569 2636 Corneliana,
588 2604 654 2642 vgl.
673 2604 768 2634 Caes.
788 2603 821 2633 Β.
841 2602 875 2634 C.
894 2602 924 2641 2,

264 2647 318 2676 24:
342 2647 505 2678 antecedit
524 2648 568 2678 ad
584 2651 698 2679 eastra
717 2647 926 2691 efflorando

1002 1207 1210 1247 Corneliana,
1226 1206 1315 1249 quod
1325 1209 1354 1239 is
1363 1207 1457 1239 Iocus
1463 1205 1668 1250 peridoneus

1000 1253 1125 1284 castris
1163 1253 1359 1284 habebatur.
1407 1252 1443 1284 id
1473 1253 1587 1283 antem
1618 1253 1671 1282 est

999 1299 1121 1339 iugum
1144 1297 1311 1329 dt'reetum
1336 1298 1485 1329 eminens
1507 1298 1543 1328 in
1561 1306 1668 1335 mare,

999 1346 1143 1384 utraque
1176 1354 1221 1374 θα)
1249 1345 1349 1386 parte
1379 1344 1603 1385 praeruptum
1637 1343 1670 1372 et

999 1398 1174 1431 asperum,
1203 1388 1265 1419 secl
1286 1391 1396 1419 tamen
1418 1387 1519 1430 paulo
1543 1386 1670 1418 leniore

997 1434 1147 1475 fastigio
1160 1433 1202 1464 ab
1216 1443 1256 1464 ea
1267 1435 1374 1475 parte,
1389 1444 1474 1474 quae
1486 1432 1531 1463 ad
1539 1431 1669 1465 Uticam

999 1481 1121 1519 vergit.
1153 1479 1250 1509 abest
1266 1478 1391 1510 dir-ectu
1405 1479 1447 1509 ab
1463 1477 1556 1511 Utica
1566 1476 1668 1520 paulo

999 1523 1147 1566 amplias
1175 1534 1298 1566 passus
1325 1523 1425 1554 mille.
1466 1523 1523 1554 Die
1548 1532 1668 1562 vorge-

1001 1568 1182 1607 schobene,
1207 1567 1349 1598 50—80
1374 1568 1412 1599 F.
1436 1568 1520 1598 hohe
1544 1567 1669 1607 Hiigel-

1000 1612 1091 1644 reihe
1109 1613 1154 1643 ist
1166 1613 1256 1653 jetzt
1273 1613 1374 1643 durch
1389 1613 1670 1652 angeschwemm-

999 1662 1051 1689 tes
1069 1657 1160 1689 Laud
1185 1668 1259 1688 vom
1279 1657 1390 1688 Meere
1407 1661 1577 1698 getrennt,
1602 1657 1670 1688 und

999 1703 1060 1733 der
1092 1703 1240 1742 Bagrada
1279 1703 1415 1733 miindet
1454 1703 1544 1733 nicht
1576 1702 1669 1733 mehr

999 1747 1143 1787 siidlich,
1169 1747 1312 1778 sondern
1339 1747 1490 1778 no'rdlich
1508 1757 1572 1778 von
1591 1747 1669 1778 der-

999 1792 1130 1831 selben,
1157 1802 1183 1822 s.
1206 1792 1317 1823 Barth.
1341 1802 1373 1823 a.
1390 1801 1419 1823 a.
1439 1792 1477 1824 0.
1497 1792 1556 1829 813
1587 1791 1667 1829 109;

1001 1837 1075 1868 199.
1088 1855 1133 1860 —
1146 1840 1187 1875 et,
1202 1847 1320 1868 ausser
1333 1837 1405 1868 dem
1418 1836 1527 1877 Lager
1541 1835 1595 1867 fiir
1608 1837 1667 1868 das

998 1882 1183 1913 Landheer.
1201 1900 1244 1904 —
1262 1882 1393 1914 navalia
1409 1885 1533 1921 castra,
1552 1882 1619 1922 vgl.
1639 1893 1666 1913 e.

999 1927 1052 1967 34,
1071 1928 1108 1966 ὃς
1136 1926 1190 1968 28,
1210 1926 1263 1967 37,
1281 1927 1320 1965 9;
1348 1927 1441 1959 Caes.
1458 1928 1491 1958 Β.
1508 1926 1546 1958 G.
1560 1926 1667 1965 5,11:

997 1974 1124 2004 statuit
1137 1982 1252 2004 omnes
1265 1972 1408 2004 subduci
1418 1976 1451 2004 et
1464 1983 1539 2004 cum
1547 1974 1669 2004 castris

997 2028 1066 2049 una
1082 2019 1269 2049 munitione
1284 2019 1392 2059 iungi.
1413 2036 1457 2040 —
1473 2017 1608 2057 vallem,
1627 2018 1668 2048 da

998 2072 1034 2093 es
1057 2073 1096 2093 an
1120 2063 1178 2093 das
1197 2061 1279 2094 Ufer
1301 2065 1422 2101 stiisst,
1447 2063 1606 2093 bedeutet
1631 2072 1666 2093 es

998 2117 1060 2138 nur
1089 2106 1287 2147 Vertiefung
1315 2108 1356 2138 im
1387 2106 1596 2145 Gegensatze
1625 2117 1666 2137 zu

996 2155 1126 2194 iugum,
1141 2152 1207 2191 vgl.
1222 2151 1275 2191 36,
1293 2152 1343 2191 15,
1361 2152 1418 2192 103
1432 2153 1512 2184 litus
1526 2152 1570 2182 ist
1585 2152 1667 2183 viel-

997 2198 1097 2228 leicht
1115 2197 1306 2228 absichtlich
1325 2197 1481 2237 gewiihlt,
1500 2197 1539 2228 da
1553 2207 1594 2228 an
1609 2197 1668 2228 der

997 2242 1175 2274 Nordseite
1201 2243 1280 2273 nach
1306 2243 1365 2273 der
1383 2242 1488 2273 Stelle
1506 2252 1565 2272 aus
1583 2241 1666 2273 Cae-

997 2297 1053 2318 sar
1071 2288 1127 2318 das
1143 2287 1250 2327 Lagei*
1269 2287 1333 2318 wol
1346 2289 1426 2318 auch
1442 2288 1503 2318 den
1517 2287 1666 2326 Abhang,

997 2333 1098 2363 daher
1122 2333 1198 2363 dori:
1221 2332 1328 2372 lalus,
1351 2331 1410 2363 auf
1430 2333 1489 2363 der
1513 2332 1665 2363 Siidseite

997 2388 1059 2409 nur
1076 2378 1132 2408 das
1151 2376 1232 2410 Ufer
1250 2378 1441 2409 einnehmen
1461 2378 1596 2409 konnte.

1042 2461 1110 2500 36.
1140 2467 1247 2499 1—3.
1273 2479 1318 2499 eoe
1330 2466 1434 2508 Sieil„
1454 2478 1480 2498 5.
1496 2466 1550 2505 27,
1565 2466 1663 2507 S,19.

997 2531 1040 2535 -
1058 2513 1145 2550 Ital„
1169 2514 1277 2544 dieses
1302 2514 1356 2544 hat
1375 2513 1424 2543 bis
1442 2523 1503 2543 vor
1520 2510 1664 2543 Hurzem

997 2559 1103 2590 selbst
1122 2558 1387 2597 Uuterstiitzung
1403 2556 1545 2598 bedurft,
1564 2567 1591 2588 s.
1611 2557 1663 2594 23,

997 2603 1028 2641 4,
1054 2604 1090 2642 ῖς
1121 2604 1171 2642 11,
1197 2602 1227 2634 8.
1245 2602 1429 2643 —Octaz·.,
1455 2613 1481 2633 5.
1506 2613 1533 2632 c.
1562 2601 1612 2642 13,
1632 2603 1662 2633 ἶ).

997 2667 1038 2670 —-
1058 2650 1201 2690 vestim„
1218 2649 1281 2679 wie
1300 2647 1354 2688 32,
1372 2648 1425 2688 27,
1445 2647 1475 2679 2.
1489 2664 1533 2670 ——
1547 2649 1585 2679 ut
1601 2651 1664 2679 etc.
