1784 2967
162 290 180 319 ἴ)

161 458 179 487 6

161 1022 179 1051 1)

140 1139 178 1170 10

139 1249 175 1280 11

142 1365 180 1397 12

139 1477 175 1509 13

213 181 292 218 21111
689 178 810 212 11181111
831 178 938 212 XXV.
975 177 1067 210 CAP.
1086 177 1137 209 41.

1465 197 1490 213 a.
1507 197 1522 213 11
1549 190 1608 215 542.

212 281 362 320 hostem
387 293 484 327 esse,
508 293 621 331 quem
644 282 807 321 maxime
827 282 1053 326 timuerant,
1077 286 1113 319 et
1136 281 1257 320 territi
1273 282 1417 329 hostes,
1438 287 1609 333 praeter-

210 350 323 389 quam
353 337 456 389 quod
482 337 557 376 iam
590 338 756 378 maxima
787 344 893 390 parte
924 338 1058 377 virium
1092 350 1250 377 suarum
1272 350 1351 377 non
1372 339 1608 385 juvabantur,

208 394 346 433 timore
374 394 486 432 etiam
508 394 684 441 incusso,
713 407 761 434 ne
790 396 835 434 ab
863 401 1016 435 suomet,
1038 394 1110 446 ipsi
1133 395 1258 445 equite
1282 402 1609 446 oppugnarentur.

210 452 337 502 itaque
364 451 465 489 haud
488 453 616 501 magni
634 451 850 491 certaminis
871 453 960 499 fuit,
989 452 1136 503 primus
1160 452 1303 490 elamor
1324 458 1437 503 atque
1456 452 1608 504 inpetus

208 519 289 546 rem
311 506 487 546 decrevit.
528 508 713 548 Numidae
735 522 822 548 cum
846 509 881 547 in
906 520 1099 548 concursu
1117 508 1230 559 quieti
1249 509 1448 548 stetissent
1462 508 1501 546 in
1519 521 1606 548 cor-

209 563 343 612 nibus,
378 570 421 603 ut
447 570 550 615 terga
580 566 703 604 dantis
732 578 824 604 suos
856 566 1047 611 viderunt,
1084 566 1195 615 fugae
1222 570 1370 604 tantum
1399 578 1609 617 parumper

209 620 368 659 comites
397 621 503 667 facti,
533 628 740 673 postquam
770 622 904 661 omnes
927 622 1174 672 Agrigentum
1197 623 1346 673 trepido
1369 622 1520 673 agmine
1540 635 1608 673 pe-

207 682 331 716 tentes
348 678 535 724 viderunt,
557 678 630 729 ipsi
648 684 752 717 metu
772 678 985 717 obsidionis
1004 678 1149 730 passim
1166 678 1206 717 111
1223 679 1381 718 civitatis
1399 691 1609 730 proxumas

207 733 357 785 dilapsi.
400 735 516 773 multa
544 735 644 773 milia
672 735 874 773 hominum
904 748 1011 774 caesa
1040 741 1219 786 captaque
1240 740 1277 774 et
1299 741 1384 774 octo
1407 735 1607 787 elephanti.

207 791 300 829 haec
326 790 457 829 ultima
485 791 523 828 in
546 790 672 830 Sicilia
695 791 856 830 Marcelli
879 804 1005 842 pugna
1026 791 1108 830 fuit.
1149 791 1269 831 vietor
1290 792 1377 832 inde
1400 793 1608 845 Syracusas

207 847 332 886 rediit.

321 903 399 942 Iam
421 903 540 942 ferme
561 904 599 942 in
620 904 722 943 exitu
738 916 863 943 annus
881 909 977 951 erat,
1000 904 1123 956 itaque
1141 910 1296 944 senatus
1314 905 1460 944 Romae
1479 905 1609 944 decre-

207 959 269 1006 vit,
292 965 331 999 ut
353 960 392 998 P.
413 960 611 1000 Cornelius
634 966 788 1013 praetor
807 961 949 1000 litteras
972 961 1140 1012 Capuam
1162 962 1209 1000 ad
1231 962 1407 1000 consules
1432 962 1609 1008 mitteret,

210 1017 300 1056 dum
323 1017 509 1056 Hannibal
535 1018 670 1069 procul
691 1018 863 1065 abesset,
893 1030 963 1057 nec
984 1019 1057 1057 ulla
1074 1018 1201 1069 magni
1223 1018 1456 1057 discriminis
1478 1030 1541 1057 res
1563 1019 1608 1057 ad

209 1073 375 1124 Capuam
400 1080 609 1124 gereretur,
638 1074 732 1113 alter
754 1087 907 1121 eorum,
938 1075 969 1113 si
992 1075 1041 1114 ita
1064 1076 1270 1122 videretur,
1293 1076 1340 1114 ad
1362 1075 1607 1126 magistratus

208 1130 479 1182 subrogandos
501 1131 664 1170 Romam
690 1132 843 1171 veniret.
885 1131 1017 1170 litteris
1045 1132 1212 1183 acceptis
1240 1132 1338 1171 inter
1367 1145 1408 1171 se
1429 1131 1608 1172 consules

209 1192 496 1238 compararunt,
524 1193 565 1226 ut
587 1188 764 1227 Claudius
788 1189 940 1227 comitia
962 1190 1174 1239 perliceret,
1197 1189 1350 1228 Fulvius
1374 1189 1418 1227 ad
1442 1189 1608 1240 Capuam

207 1249 391 1283 maneret.
439 1245 617 1283 eonsules
641 1244 820 1284 Claudius
849 1246 985 1284 creavit
1009 1246 1074 1285 Cn.
1099 1246 1273 1284 Fulvium
1296 1245 1547 1285 Centimalum
1571 1252 1608 1286 et

207 1300 248 1340 P.
277 1300 490 1353 Sulpicium
519 1301 637 1340 Servii
672 1302 790 1340 filium
814 1301 986 1349 Galbam,
1021 1303 1084 1353 qui
1117 1302 1266 1341 nullum
1302 1308 1410 1341 antea
1438 1303 1608 1342 curulem

210 1357 475 1408 magistratum
498 1358 693 1409 gessisset.
734 1364 932 1410 praetores
955 1359 1091 1398 deinde
1112 1359 1224 1397 creati
1240 1358 1279 1397 L.
1300 1359 1498 1398 Cornelius
1512 1359 1608 1399 Len-

207 1413 311 1452 tulus
342 1414 395 1452 M.
432 1414 631 1454 Cornelius
661 1415 848 1466 Cethegus
879 1416 916 1455 C.
947 1416 1139 1467 Sulpicius
1170 1415 1206 1454 C.
1241 1415 1474 1467 Calpurnius
1502 1416 1607 1455 Piso.

206 1469 340 1509 Pisoni
361 1470 454 1510 iuris
477 1471 591 1510 dictio
614 1471 770 1519 urbana,
800 1472 969 1524 Sulpicio
993 1472 1129 1521 Sicilia,
1151 1472 1315 1523 Cethego
1338 1472 1484 1523 Apulia,
1508 1473 1608 1512 Len-

208 1582 268 1603 nen
285 1572 349 1603 und
367 1572 418 1603 die
437 1573 611 1604 einzelnen
629 1573 781 1616 Manipel,
801 1584 828 1605 s.
844 1585 872 1605 6.

207 1617 258 1658 25,
284 1616 322 1655 93
349 1617 401 1655 21,
430 1618 478 1659 14,
508 1618 537 1649 3.
571 1636 614 1641 —
640 1622 750 1662 praet.
774 1619 871 1662 quod,

206 1672 231 1693 s.
252 1661 282 1701 6,
301 1662 354 1701 24,
374 1662 409 1701 73
440 1662 491 1704 21,
521 1663 571 1704 10,
599 1663 626 1695 1.
655 1683 699 1686 —
728 1666 797 1696 iam
814 1676 870 1702 m„

206 1708 305 1738 sehon
330 1708 438 1740 dieses
465 1718 534 1740 war
559 1709 760 1750 bedeutend,
792 1710 871 1741 doch

206 1753 248 1784 ist
264 1755 332 1785 iam
355 1754 519 1795 unsicher,
544 1754 583 1785 da
607 1754 658 1786 die
677 1754 772 1786 Hdss.
797 1758 873 1798 quia

206 1800 361 1830 maoez'ma
378 1799 492 1830 baben.

252 1845 349 1875 6-7.
379 1844 472 1877 haud
498 1856 542 1877 m.
570 1855 608 1883 6.,
643 1856 715 1877 zum
741 1845 873 1878 Genitiv

205 1889 329 1921 miisste
357 1900 416 1921 aus
440 1890 512 1921 dem
541 1889 619 1930 folg.
652 1901 708 1922 res
734 1892 873 1931 erganzt

206 1935 350 1977 werden,
370 1946 438 1967 was
459 1935 579 1975 jedoch
597 1936 665 1967 11161
695 1937 772 1968 56111
801 1937 874 1968 111111

206 1981 269 2011 und
284 1981 530 2021 ungewo'hnlich
540 1981 873 2020 ware,wahrschein-

205 2025 267 2056 11611
304 2026 348 2057 151
376 2026 428 2057 6111
460 2025 653 2057 Substantiv
686 2031 772 2058 etwa
806 2038 871 2067 res,

205 2081 230 2101 s.
251 2069 271 2112 ξ
292 2070 327 2109 9,
367 2071 447 2102 oder
468 2070 635 2114 proelium
657 2070 872 2114 ausgefallen,

203 2125 229 2146 8.
240 2115 292 2155 34,
306 2116 355 2156 17,
366 2116 400 2148 3:
413 2116 738 2159 pedestreproelium
746 2117 870 2149 nullius

193 2161 315 2203 ferme
327 2162 624 2203 certamz'm'ssuit;
634 2162 700 2202 vgl.
713 2161 764 2202 26,
774 2163 804 2203 5,
812 2162 823 2193 1
832 2163 868 2194 4:

204 2217 263 2239 nec
279 2209 397 2249 magni
408 2209 598 2239 certam-inis
612 2217 684 2239 rem
695 2208 794 2248 1016,-
815 2207 869 2247 21,

205 2253 256 2294 60,
266 2253 299 2284 7:
313 2263 373 2285 nec
380 2255 500 2295 magni
511 2253 704 2284 certaminis
718 2264 757 2284 ea
771 2253 870 2285 dimi·-

203 2299 378 2340 catiosuit.
388 2316 431 2321 -—
440 2300 576 2342 captaq.,
587 2308 648 2329 nur
655 2301 752 2342 capta
766 2298 869 2330 ko'nnt

205 2345 276 2375 dem
295 2343 394 2376 Sinne
408 2344 487 2376 nach
505 2342 565 2375 auf
583 2343 750 2387 elephanti
770 2344 869 2375 bezo—

205 2400 264 2429 gen
284 2390 434 2428 werdem
455 2389 536 2420 (10611
552 2389 595 2421 151
609 2389 698 2420 viell.
715 2389 771 2421 das
786 2390 869 2421 dazu

205 2435 393 2474 gehb'rende
408 2435 580 2466 Praedicat
591 2433 795 2476 ausgefallen
806 2435 868 2467 ele-

202 2480 323 2522 phanti
338 2482 436 2524 capti.

251 2519 318 2556 41.
345 2525 466 2557 8—13.
496 2524 638 2558 Wahlen
658 2525 690 2556 in
707 2525 799 2557 Rom.

251 2566 369 2602 84—10.
396 2572 431 2602 in
455 2582 520 2612 exn,
545 2581 571 2603 s.
596 2569 648 2613 35,
672 2570 726 2612 41,
748 2571 781 2602 1:
800 2572 867 2602 iam

194 2615 279 2655 sere
312 2617 343 2647 in
378 2618 473 2648 eoee'tu
499 2627 608 2649 annus
631 2618 706 2649 erat
728 2627 758 2649 11.
777 2626 806 2648 a.
826 2635 865 2640 —-

942 1577 1092 1618 praetor,
1117 1584 1142 1605 s.
1169 1573 1222 1611 22,
1243 1572 1293 1615 33,
1311 1573 1340 1605 9.
1370 1592 1414 1596 —
1448 1574 1608 1618 Capuam,

945 1630 970 1650 s.
989 1620 1042 1657 21,
1061 1620 1114 1659 47,
1135 1619 1170 1658 7;
1195 1619 1278 1650 iiber
1303 1619 1353 1650 die
1372 1619 1560 1652 Construct.
1581 1630 1606 1652 5.

945 1664 997 1704 21,
1017 1665 1069 1704 49,
1088 1664 1118 1696 3.
1137 1683 1179 1687 —
1195 1665 1314 1708 procul
1329 1666 1378 1706 ab,
1398 1675 1422 1696 s.
1439 1675 1465 1696 6.
1483 1665 1535 1705 22,
1557 1665 1606 1697 14.

944 1728 988 1732 -
1007 1712 1073 1742 sil.
1093 1721 1130 1751 zu,
1151 1709 1203 1750 26,
1225 1710 1275 1749 16,
1294 1710 1326 1741 4.
1345 1729 1388 1733 —-
1406 1711 1560 1753 subroga,
1579 1710 1609 1750 3,

946 1755 997 1796 38,
1019 1755 1046 1786 l.
1066 1774 1107 1777 ——
1126 1765 1283 1798 compar„
1302 1754 1353 1796 24,
1374 1755 1424 1795 10,
1440 1756 1476 1795 23
1497 1756 1536 1787 da
1551 1757 1610 1787 der

947 1801 1071 1841 Begriff
1092 1801 1150 1832 der
1174 1801 1395 1841 Bestimmung
1418 1801 1449 1832 in
1474 1811 1608 1845 compa-

946 1856 1023 1878 rare
1036 1846 1126 1887 liegt,
1141 1846 1263 1877 konnte
1282 1848 1320 1878 ut
1334 1845 1455 1887 folgen.
1473 1864 1517 1869 —
1531 1857 1609 1890 per-

936 1892 1074 1934 ficeret,
1115 1891 1361 1931 gewanlicher
1400 1893 1444 1924 ist
1475 1893 1608 1924 habere.

947 1936 1055 1969 Ueber
1073 1937 1123 1968 die
1139 1937 1242 1968 Sache
1258 1948 1283 1968 s.
1300 1937 1426 1968 Becker
1440 1937 1470 1978 2,
1484 1936 1607 1977 2,122;

945 1982 986 2013 ib.
1006 1982 1033 2023 2,
1054 1981 1083 2022 3,
1104 1981 1144 2012 52
1164 1993 1194 2012 n.
1214 1981 1267 2012 64.
1484 1985 1487 1989 '

993 2026 1134 2059 11—13.
1149 2028 1281 2068 crearis,
1299 2037 1324 2057 s.
1340 2038 1367 2058 e..
1383 2026 1412 2066 2,
1423 2027 1452 2057 4.
1467 2045 1510 2050 —
1524 2027 1607 2059 Ful-

944 2074 1034 2104 vium
1059 2072 1123 2103 wol
1153 2072 1211 2103 der
1240 2072 1292 2112 24,
1316 2072 1357 2103 43
1373 2070 1394 2103 f.
1425 2073 1607 2113 erwiihnte,

943 2117 1135 2149 schwerlich
1155 2117 1224 2158 der,
1248 2117 1392 2149 116161161-
1415 2117 1464 2148 als
1485 2117 1607 2150 Consul

943 2162 1007 2194 525
1034 2163 1112 2194 1111611
1137 2162 1253 2205 Polyb.
1276 2162 1311 2203 2,
1334 2162 1373 2193 10
1394 2162 1445 2194 die
1465 2162 1606 2204 Htinigin

942 2207 1048 2240 Teuta
1067 2207 1224 2248 besiegte,
1242 2209 1281 2239 da
1297 2207 1332 2239 L.
1347 2209 1435 2239 nicht
1449 2208 1607 2251 hemer-kt,

942 2254 1017 2285 dass
1030 2254 1131 2285 erdas
1142 2253 1299 2285 Consulat
1312 2264 1383 2285 zum
1401 2254 1606 2286 zweitenmal

942 2299 1118 2331 verwaltet
1135 2299 1227 2330 habe.
1243 2317 1286 2322 —
1304 2301 1414 2341 qui—-
1428 2301 1604 2341 gessisset,

944 2344 1093 2385 obgleich
1113 2355 1148 2376 er
1165 2356 1195 2375 u.
1216 2355 1241 2376 s.
1263 2354 1312 2385 w„
1337 2355 1363 2376 s.
1384 2345 1509 2376 Becker
1527 2345 1557 2385 2,
1577 2345 1606 2386 2,

946 2389 996 2421 18.
1015 2408 1058 2412 -—
1076 2392 1159 2422 iuris
1178 2391 1209 2422 d.
1230 2391 1314 2431 urb„
1336 2390 1604 2422 wahrscheinlich

943 2436 1035 2475 (nach
1056 2436 1160 2467 einem
1178 2436 1492 2467 Senatsbeschlusse
1511 2445 1537 2466 s.
1552 2434 1604 2475 28,

944 2481 994 2520 10,
1016 2480 1073 2520 12;
1094 2480 1146 2521 35,
1172 2481 1224 2521 41,
1250 2481 1281 2522 6)
1308 2481 1457 2521 zugleich
1477 2480 1528 2512 die
1543 2492 1604 2524 pe-

941 2528 1089 2567 regrina,
1116 2527 1155 2557 da
1179 2527 1270 2558 diese
1303 2526 1391 2558 1116111
1424 2526 1604 2557 besonders

941 2572 1090 2603 erw'tihnt
1118 2572 1214 2614 111111,
1246 2582 1271 2603 s.
1298 2582 1324 2603 6.
1354 2571 1383 2611 3,
1402 2571 1439 2610 2;
1470 2570 1522 2609 26,
1543 2570 1602 2610 28,

944 2616 995 2656 27,
1018 2616 1055 2656 73
1076 2616 1128 2657 36,
1150 2617 1185 2648 11
1207 2628 1237 2650 11,
1256 2627 1285 2649 a.
1302 2635 1346 2640 —-
1363 2615 1486 2657 Sicilia,
1505 2626 1540 2648 es
1560 2616 1603 2648 ist

1643 801 1681 833 10

1640 1086 1678 1117 15

1639 1371 1679 1402 20
