1784 2967
185 512 241 549 25

273 240 350 279 182

701 236 827 269 LIBER
851 236 1005 271 XXVIII.
1039 237 1132 269 CAP.
1147 237 1200 269 24.
1220 237 1274 269 25.

1522 253 1548 272 a.
1564 253 1592 272 u.
1607 246 1674 274 548.

197 347 238 380 16
266 346 387 380 totam
408 340 636 390 Hispaniam
657 351 831 378 arsuram
852 339 970 387 bello,
990 340 1030 378 in
1052 353 1096 378 eo
1119 339 1285 379 tumultu
1306 344 1344 378 et
1359 340 1475 379 sociis
1493 340 1675 391 pecunias

267 396 447 448 imperari
469 401 506 434 et
527 396 640 447 diripi
658 397 898 448 propinquas
917 397 1030 436 urbes
1047 409 1177 448 posse,
1199 402 1237 435 et
1254 396 1416 436 turbatis
1434 397 1563 443 rebus,
1586 409 1675 436 cum

268 454 396 492 omnia
420 465 554 491 omnes
576 453 774 499 auderent,
797 454 925 492 minus
948 454 1110 504 insignia
1133 454 1216 492 fore
1238 466 1334 504 quae
1355 453 1429 504 ipsi
1449 453 1644 492 fecissent.

383 508 478 547 Cum
508 509 603 548 alios
632 509 798 548 subinde
824 510 988 549 recentis
1017 509 1176 549 nuntios
1205 521 1284 548 non
1308 510 1445 548 mortis
1467 511 1585 549 modo
1607 510 1675 549 sed

265 565 379 604 etiam
409 566 557 604 funeris
585 572 853 617 expectarent,
890 579 1014 618 neque
1042 567 1306 617 superveniret
1332 566 1558 618 quisquam,
1588 579 1675 605 eva·
1704 577 1724 608 5

265 627 516 673 nesceretque
545 627 690 662 temere
722 628 832 662 ortus
869 635 1023 671 rumor,
1058 628 1138 662 tum
1177 624 1291 674 primi
1328 629 1505 662 auctores
1534 617 1678 674 requiri

217 688 236 720 2
266 679 406 730 coepti.
446 684 483 717 et
510 680 760 718 subtrahente
789 692 829 718 se
857 692 1030 730 quoque,
1062 685 1104 718 ut
1133 680 1342 718 credidisse
1371 680 1502 730 potius
1531 685 1676 719 temere

265 748 379 786 quam
408 735 566 773 finxisse
597 748 681 774 rem
710 736 825 775 talem
854 736 972 774 videri
1001 741 1155 786 posset,
1181 736 1352 775 destituti
1375 737 1490 775 duces
1513 736 1588 775 iam
1607 748 1676 775 sua

264 792 340 842 ipsi
363 791 525 840 insignia
549 797 586 830 et
606 805 676 843 pro
699 804 794 831 vana
816 792 981 842 imagine
1001 792 1171 843 imperii,
1205 794 1307 844 quod
1326 798 1521 843 gererent,
1549 805 1677 831 veram

215 857 235 889 3
265 848 482 899 iustamque
510 861 601 886 mox
631 848 670 887 in
699 861 740 887 se
763 861 959 887 versuram
984 854 1211 900 potestatem
1236 850 1458 888 horrebant.
1499 854 1678 900 stupente
1708 857 1750 889 10

265 905 317 943 ita
339 905 528 944 seditione
550 917 637 943 cum
655 906 778 944 vivere
795 905 936 956 primo,
960 918 1050 944 mox
1071 905 1184 944 etiam
1204 906 1327 944 valere
1345 906 1565 957 Scipionem
1585 905 1677 944 certi

265 966 444 1000 auctores
466 961 679 1008 adferrent,
701 962 848 1001 tribuni
871 962 1034 1000 militum
1059 966 1221 1012 septem,
1243 963 1309 1012 qui
1331 962 1349 980 *
1370 962 1388 979 *
1412 963 1458 1001 ab
1480 963 1566 1013 ipso
1590 962 1676 1001 Sci-

216 1030 237 1061 4
266 1018 385 1069 pione
421 1023 522 1057 sunt.
573 1018 619 1056 ad
656 1031 822 1070 quorum
860 1019 1032 1069 primum
1068 1019 1272 1057 adventum
1302 1019 1517 1069 exasperati
1546 1018 1677 1065 animi,

268 1087 358 1112 mox
386 1074 481 1125 ipsis
510 1074 658 1124 placido
687 1087 870 1114 sermone
897 1074 1226 1126 permulcentibus
1255 1080 1392 1120 notos,
1422 1087 1508 1113 cum
1537 1075 1676 1126 quibus

216 1143 235 1174 5
267 1131 465 1181 congressi
493 1136 616 1177 erant,
644 1131 750 1170 leniti
778 1137 880 1170 sunt.
923 1132 1198 1170 circumeuntis
1227 1132 1328 1169 enim
1352 1132 1516 1170 tentoria
1534 1131 1676 1182 primo,

265 1187 404 1226 deinde
431 1188 469 1226 in
499 1187 699 1239 principiis
730 1187 1020 1239 praetorioque,
1050 1189 1114 1226 ubi
1133 1200 1335 1226 sermones
1358 1188 1458 1226 inter
1478 1201 1519 1226 se
1541 1199 1675 1226 seren—

264 1243 361 1282 tium
380 1244 544 1282 circulos
564 1244 761 1292 vidissent,
784 1245 1091 1295 adloquebantur
1108 1250 1401 1295 percunctantes
1420 1244 1556 1294 magis,
1580 1256 1677 1295 quae

263 1312 381 1339 causa
412 1301 490 1339 irae
517 1301 920 1352 consternationisque
948 1301 1096 1339 subitae
1117 1301 1235 1347 foret,
1259 1314 1371 1351 quam
1394 1301 1537 1339 factum
1560 1313 1675 1339 accu-

214 1364 234 1395 6
264 1362 408 1396 santes.
450 1358 563 1407 vulgo
600 1358 835 1409 stipendium
873 1369 954 1396 non
989 1358 1119 1396 datum
1158 1357 1204 1396 ad
1233 1357 1334 1396 diem
1362 1357 1592 1403 iactabatur,
1628 1362 1674 1404 et,

261 1494 293 1523 si
319 1492 459 1533 vulgata
481 1494 590 1534 foret.
614 1511 657 1516 —-
675 1504 712 1525 eo
737 1496 835 1533 tum.,
860 1493 933 1524 dem

262 1537 315 1613 gei
345 1538 456 1569 dieser
486 1537 704 1578 Gelegenheit
737 1539 932 1570 entstehen-

286 1592 337 1613 en.

307 1643 377 1681 '25-
406 1650 512 1682 1—2.
539 1651 698 1689 subinde,
723 1651 932 1691 wiederholt,

262 1696 344 1727 oder
360 1695 434 1726 bald
449 1695 580 1737 darauf,
600 1697 666 1737 xigl.
686 1695 706 1738 ξ
727 1695 784 1735 1ος
810 1696 857 1735 10,
881 1695 932 1735 17,

260 1740 298 1779 6;
319 1740 350 1780 9,
373 1740 421 1779 16,
441 1741 461 1772 4
477 1753 508 1773 u.
527 1753 554 1774 s.
569 1752 610 1773 w.
630 1760 671 1764 ——
688 1752 794 1783 neque
814 1760 851 1763 —
870 1751 934 1782 que

262 1786 351 1817 nicht
368 1805 409 1808 -—
429 1788 493 1818 und
518 1788 633 1825 dabei3
659 1787 721 1817 wir
745 1785 856 1817 fassen
874 1788 932 1817 das

260 1829 474 1862 Verh'ziltniss
492 1833 542 1863 als
562 1832 752 1872 Gegensatz
771 1832 841 1862 aul':
867 1832 932 1862 und

261 1876 433 1915 vielinehr,
458 1877 510 1917 27,
540 1878 592 1919 42,
612 1879 649 1915 53
675 1880 708 1909 et
725 1876 777 1916 23,
797 1876 850 1916 26,
874 1877 930 1915 11;

262 1921 316 1960 29,
346 1921 400 1962 27,
431 1921 472 1960 63
508 1926 608 1964 atque
634 1923 686 1961 25,
718 1921 771 1961 22,
806 1921 855 1953 13,
889 1939 932 1944 —-

260 1971 409 2005 auctora,
443 1967 568 1999 welche
594 1968 644 1999 die
669 1966 849 1998 Nachrieht
875 1977 933 2006 ge-

261 2012 378 2043 bracht
395 2012 497 2043 haben
517 2013 648 2044 solltcn.
666 2031 710 2035 -
723 2022 861 2054 quoque,
879 2011 932 2054 24,

262 2058 315 2096 45,
334 2058 364 2088 4.
382 2075 426 2079 —
443 2057 572 2098 destit„
593 2058 646 2095 25,
666 2057 718 2095 27,
740 2057 791 2087 13.
810 2075 854 2079 —
868 2068 931 2097 ge-

265 2105 389 2140 rerent,
409 2103 438 2132 in
458 2103 528 2133 (lem
548 2104 613 2142 sie,
631 2103 690 2132 wie
708 2103 755 2132 sie
769 2102 859 2142 jetzt
877 2111 931 2132 sa-

261 2148 332 2189 hen,
353 2157 414 2178 nur
431 2148 483 2178 ein
502 2147 729 2178 Schattenbild
750 2147 874 2177 hatten.
888 2164 932 2169 —

262 2202 342 2224 vera
365 2193 407 2223 im
435 2192 626 2233 Gegeusatz
650 2203 692 2223 zu
715 2201 822 2228 υαιιος·
839 2193 932 2222 insta

261 2248 336 2268 voin
369 2237 477 2269 Volke
510 2238 669 2278 gegeben.
703 2255 746 2259 —
778 2239 931 2279 potestas

261 2282 424 2314 wechselt
456 2284 526 2314 hier
559 2283 616 2314 mit
648 2283 845 2325 imperinm,
879 2282 930 2312 die

261 2327 467 2359 Proconsuln
486 2328 590 2359 haben
609 2328 660 2358 die
678 2338 737 2358 aus
757 2328 859 2358 ihrein
874 2327 933 2357 iin-

262 2374 390 2414 perium
422 2374 598 2404 ssiessende
631 2377 779 2414 potestas
810 2372 840 2402 in
871 2372 931 2402 der

262 2418 418 2458 Provinz,
433 2419 513 2450 aber
527 2419 616 2450 nicht
630 2419 660 2449 in
674 2417 765 2459 Rom,
784 2416 930 2457 s.Lange

265 2464 293 2502 1,
312 2462 389 2494 537.

310 2528 408 2559 3—4.
427 2531 595 2572 stupente,
615 2528 780 2565 stutzend‚
795 2528 825 2558 in
840 2527 929 2559 Ver-

264 2574 443 2613 legenheit.
459 2592 504 2596 —
520 2574 639 2605 seditio
658 2573 711 2604 fiir
723 2573 884 2612 seditiosi,
902 2583 930 2604 s.

265 2618 299 2658 8,
322 2618 370 2655 19,
396 2619 433 2652 9;
460 2618 512 2660 23,
532 2619 582 2660 25,
603 2620 633 2650 7.
651 2637 694 2642 —
712 2622 840 2661 septem
865 2620 927 2659 qui,

263 2663 536 2695 wahrscheinlich
560 2665 604 2695 ist
621 2664 679 2695 der
697 2675 724 2696 c.
744 2663 796 2705 26,
816 2664 834 2695 5
851 2673 928 2695 aus-

1005 1492 1231 1532 gesprochene
1256 1491 1431 1523 Gedanke:
1456 1493 1600 1524 tribunis
1622 1503 1676 1524 se-

1002 1540 1110 1580 ptem,
1144 1539 1202 1577 qui
1228 1540 1261 1567 et
1288 1540 1389 1568 antea
1417 1536 1604 1569 Sucronem
1631 1537 1677 1569 ad

1004 1581 1191 1613 leniendam
1215 1582 1413 1613 seditionem
1442 1584 1554 1613 ierant
1577 1584 1675 1621 (nach

1005 1626 1147 1658 putsche
1162 1637 1222 1657 nur
1235 1629 1341 1663 missi)
1356 1626 1572 1667 ausgefullen,
1588 1632 1675 1659 etwa

1003 1675 1175 1712 venerunt,
1193 1674 1250 1713 qui
1261 1673 1307 1703 ad
1322 1673 1529 1714 mitigandos
1549 1673 1676 1716 (emplo-

1006 1717 1143 1756 randos)
1169 1728 1226 1748 eos
1252 1719 1407 1756 (animos)
1430 1719 1528 1749 missi
1550 1719 1592 1749 ab
1610 1723 1675 1750 etc.

1006 1781 1050 1785 —
1066 1762 1121 1801 ad,
1140 1762 1194 1802 25,
1213 1762 1266 1801 37,
1289 1762 1338 1794 13.
1356 1781 1400 1785 -—
1417 1773 1593 1805 emasper„
1612 1763 1675 1795 wie

1007 1807 1060 1845 33,
1080 1807 1132 1847 39,
1151 1806 1181 1837 3.
1201 1825 1244 1830 —
1261 1810 1510 1844 ct'rcnmeuntis,
1530 1819 1557 1839 s.
1576 1819 1603 1839 c.
1620 1808 1674 1849 22,

1010 1852 1065 1884 10:
1080 1853 1206 1890 hostia-3
1222 1863 1283 1883 zur
1297 1853 1400 1884 Sache
1415 1854 1480 1892 vgl.
1497 1853 1575 1884 Tac.
1589 1854 1672 1887 Anu.

1008 1898 1036 1937 1,
1056 1897 1112 1929 28:
1131 1897 1292 1929 utendum
1310 1899 1522 1930 inclinatione
1536 1909 1575 1930 ea
1591 1898 1616 1930 C
1616 1909 1674 1930 ae-

1004 1953 1064 1974 sar
1081 1962 1125 1966 —
1142 1946 1242 1975 ratus
1262 1945 1436 1975 circumiri
1454 1946 1602 1976 tentoria
1619 1947 1675 1976 iu-

1005 1989 1068 2027 bet,
1087 2006 1131 2010 —-
1148 1988 1184 2018 lzi
1204 1989 1327 2030 rig-iliis
1343 1990 1545 2021 stationibus
1559 1992 1676 2021 custo-

1005 2033 1070 2064 diis
1086 2036 1267 2076 portarnm
1280 2045 1316 2065 se
1329 2036 1501 2070 1'nsernnt;
1525 2034 1559 2065 L.
1576 2034 1606 2074 8,
1620 2034 1674 2074 36,

1006 2079 1037 2110 6.
1056 2096 1099 2100 -
1120 2081 1294 2121 praetorio
1319 2079 1389 2110 hier
1412 2080 1472 2109 der
1495 2078 1589 2109 Theil
1615 2079 1674 2110 des

1006 2122 1133 2162 Lagers
1154 2124 1369 2154 unmittelbar
1392 2134 1452 2154 vor
1475 2124 1546 2154 dein
1572 2124 1675 2155 Feld-

1005 2168 1208 2207 heri-ozelte,
1223 2178 1261 2199 an
1279 2169 1424 2199 welchen
1441 2169 1492 2199 die
1505 2170 1674 2211 principia

1005 2213 1167 2249 stiessen;
1192 2212 1251 2244 auf
1273 2213 1388 2244 beiden
1408 2214 1544 2245 Pliitzen
1565 2214 1673 2245 bilden

1004 2258 1085 2297 sich,
1100 2258 1140 2288 im
1156 2257 1366 2298 Gegensatze
1382 2270 1421 2290 zu
1437 2260 1497 2290 den
1514 2260 1673 2291 Soldaten

1004 2303 1034 2333 in
1061 2304 1121 2334 den
1150 2303 1280 2343 Zelten,
1300 2303 1466 2346 Gruppen,
1485 2304 1552 2344 vgl.
1572 2305 1601 2343 7,
1621 2304 1672 2344 12,

1006 2348 1062 2379 14:
1092 2360 1151 2380 nec
1174 2350 1207 2380 in
1231 2350 1365 2381 circulis
1388 2349 1487 2381 modo
1501 2351 1672 2392 fremere,

1003 2393 1065 2424 sed
1091 2396 1158 2425 iam
1181 2397 1214 2425 in
1236 2396 1413 2437 principiis
1435 2397 1674 2437 praetorioque

1001 2449 1174 2470 sermones
1191 2441 1224 2470 in
1243 2450 1346 2471 unum
1366 2440 1541 2481 confundi.
1556 2458 1598 2462 —
1615 2441 1675 2471 ubi

1001 2484 1046 2515 ist
1064 2485 1128 2515 wol
1147 2485 1235 2515 nicht
1253 2485 1336 2515 local
1355 2496 1393 2515 zu
1415 2486 1562 2524 nehmen,
1575 2495 1603 2516 s.
1618 2484 1670 2524 26,

1004 2528 1055 2566 11,
1079 2529 1108 2559 3.
1128 2548 1170 2552 ——
1193 2532 1431 2569 consternatio,
1450 2530 1587 2561 niildere
1610 2530 1674 2560 Be-

1002 2575 1186 2614 zeichnung
1215 2576 1272 2605 des
1299 2576 1427 2615 saror,
1455 2575 1670 2615 gewaltsame

1002 2619 1150 2659 Stiirung
1171 2620 1229 2650 des
1254 2619 1388 2651 Geistes
1413 2620 1444 2651 in
1471 2620 1575 2660 Folge
1599 2618 1670 2651 hef-

999 2664 1087 2704 tiger
1105 2664 1349 2697 Leidenschaft.

1706 1137 1784 1189 ¹⁵3
