1784 2967
42 871 82 904 10

44 1151 83 1183 15

41 1431 83 1464 20

539 247 667 280 LIBER
684 247 811 281 XXIV.
846 246 937 278 CAP.
957 247 1010 279 28.
1029 248 1081 279 29.

1461 248 1512 287 63

110 267 137 287 a.
153 259 206 285 Ch.
222 260 285 285 214.

111 352 250 399 silium,
267 351 364 390 iussi
381 357 418 390 et
434 351 550 390 duces
570 350 749 389 ordinum
767 348 1023 400 praefectique
1040 350 1268 388 auxiliorum
1288 349 1402 388 simul
1419 361 1515 388 con·
1544 360 1563 391 9

111 409 247 447 sulere.
295 421 382 446 cum
410 420 525 458 saepe
552 412 633 445 acta
660 419 722 445 res
744 410 845 444 esset
866 405 1016 455 magnis
1039 406 1331 453 certaminibus,
1359 411 1515 456 postre-

110 478 190 510 mo,
212 464 299 515 quia
319 464 405 503 belli
428 477 514 503 cum
533 462 719 502 Romanis
737 461 891 513 gerendi
907 462 1003 500 ratio
1020 462 1121 499 nulla
1138 463 1359 512 apparebat,
1382 475 1515 513 pacem

111 522 192 560 fieri
213 521 355 572 placuit
375 521 550 571 mittique
572 532 658 558 cum
681 519 736 557 eis
759 519 904 569 legatos
927 519 974 556 ad
996 530 1077 556 rem
1102 520 1420 557 confirmandam.

225 578 312 616 Dies
333 578 437 616 haud
460 577 509 615 ita
530 575 639 614 multi
660 575 982 620 intercesserunt,
1012 587 1098 612 cum
1122 588 1165 612 ex
1188 575 1386 613 Leontinis
1408 574 1517 626 legati

110 634 345 686 praesidium
368 633 508 672 finibus
531 632 612 671 suis
631 637 786 670 orantes
803 636 1006 678 venerunt3
1029 643 1125 681 quae
1140 630 1279 681 legatio
1296 644 1516 682 peroppor-

110 697 204 730 tuna
220 690 297 729 visa
315 690 359 729 ad
378 690 662 728 multitudinem
680 688 916 727 inconditam
940 700 983 726 ac
1002 688 1282 726 tumultuosam
1301 700 1516 726 exoneran-
1544 697 1563 728 2

112 748 199 786 dam
228 747 421 797 ducesque
448 746 529 785 eius
558 746 805 795 ablegandos.
854 745 1107 795 Hippocrates
1136 749 1291 795 praetor
1313 745 1450 782 ducere
1471 757 1515 782 eo

111 804 330 854 transfugas
360 804 511 851 iussus,
541 803 661 841 secuti
687 801 795 840 multi
818 814 862 839 ex
884 800 1158 839 mercennariis
1181 800 1315 839 auxilis
1337 806 1519 851 quattuor
1547 813 1565 844 3

111 860 213 898 milia
235 865 473 898 armatorum
496 860 717 897 effecerunt.
758 863 795 896 et
816 858 1054 896 mittentibus
1078 862 1115 895 et
1132 857 1263 895 missis
1282 870 1322 895 ea
1338 858 1433 896 laeta
1452 870 1519 895 ex—

110 916 255 968 peditio
284 916 373 955 fuit:
406 929 495 954 nam
525 920 561 954 et
587 915 678 961 illis,
706 915 808 966 quod
831 915 907 953 iam
932 914 996 952 diu
1018 914 1240 964 cupiebant,
1267 914 1434 952 novandi
1456 926 1517 953 res

113 973 263 1012 occasio
293 973 379 1011 data
407 978 482 1018 est,
511 978 547 1011 et
574 972 612 1010 hi
641 972 830 1010 sentinam
860 972 1050 1022 quandam
1074 970 1179 1009 urbis
1202 970 1272 1008 rati
1294 971 1518 1009 exhaustam

110 1029 361 1068 laetabantur.
404 1034 573 1067 ceterum
595 1029 814 1067 levaverunt
834 1028 951 1066 modo
969 1028 1005 1065 in
1025 1027 1240 1077 praesentia
1258 1027 1359 1064 velut
1376 1039 1518 1077 corpus
1547 1038 1566 1068 4

112 1098 287 1136 aegrum,
312 1098 389 1136 quo
412 1098 503 1123 mox
524 1085 562 1123 in
585 1085 797 1135 graviorem
820 1084 1001 1122 morbum
1024 1083 1222 1122 recideret.
1264 1083 1517 1133 Hippocrates

114 1142 217 1181 enim
244 1142 407 1180 finitima
436 1142 655 1192 provinciae
676 1141 874 1179 Romanae
900 1140 1028 1191 primo
1050 1139 1199 1178 furtivis
1223 1140 1517 1179 excursionibus

112 1204 260 1238 vastare
283 1199 426 1249 coepit;
448 1198 595 1243 deinde,
629 1210 716 1236 cum
738 1197 785 1235 ad
806 1198 975 1235 tuendos
998 1196 1197 1235 sociorum
1219 1209 1331 1247 agros
1354 1196 1517 1235 missum

112 1255 157 1293 ab
179 1255 304 1305 Appio
327 1254 561 1305 praesidium
584 1259 703 1301 esset,
732 1254 913 1292 omnibus
937 1254 1059 1303 copiis
1081 1253 1268 1304 impetum
1292 1252 1331 1290 in
1355 1253 1517 1304 opposi-
1546 1264 1564 1295 5

110 1316 187 1350 tam
211 1312 416 1349 stationem
441 1324 526 1349 cum
551 1311 665 1349 caede
682 1310 896 1349 multorum
912 1310 1012 1349 fecit.
1051 1322 1148 1362 quae
1165 1322 1249 1348 cum
1269 1316 1402 1348 essent
1417 1321 1520 1348 nun-

111 1368 200 1406 tiata
222 1367 412 1411 Marcello,
433 1368 579 1418 legatos
602 1367 793 1418 extemplo
818 1368 1030 1418 Syracusas
1052 1366 1169 1411 misit,
1191 1366 1252 1417 qui
1278 1366 1382 1416 pacis
1404 1367 1519 1404 fidem

112 1429 267 1475 ruptam
291 1437 376 1462 esse
397 1423 583 1468 dicerent„
607 1436 676 1462 nec
697 1423 782 1462 belli
806 1424 1025 1463 defuturam
1049 1436 1231 1473 umquam
1256 1435 1427 1468 causam,
1445 1423 1520 1461 nisi

114 1481 366 1532 Hippocrates
402 1486 514 1532 atque
540 1480 728 1532 Epicydes
763 1492 844 1519 non
880 1481 926 1520 ab
957 1480 1159 1531 Syracusis
1195 1479 1314 1517 modo
1344 1480 1410 1517 sed
1440 1484 1521 1518 tota

1540 524 1593 562 29

158 1593 189 1625 9.
206 1595 341 1635 magnis
355 1603 394 1633 c.,
409 1593 468 1624 mit
480 1593 623 1633 bernger
634 1592 778 1624 Leiden-

114 1636 219 1670 schaft
237 1649 299 1670 von
320 1639 435 1669 beiden
455 1638 628 1677 Parteien3
649 1639 778 1670 zuletzt

114 1684 321 1715 entscheidet
335 1694 396 1714 nur
410 1684 461 1714 ein
476 1683 775 1715 aussererGrund:

113 1731 190 1770 quia
215 1734 277 1760 etc.
301 1747 345 1751 —
368 1739 443 1760 cam
463 1730 518 1770 eis,
544 1729 583 1760 da
601 1729 653 1759 die
672 1739 777 1769 ganze

111 1773 348 1813 Verliandlung
375 1774 477 1804 durch
509 1774 561 1804 die
595 1774 776 1805 rijmischen

115 1818 303 1849 Gesandten
329 1818 518 1849 veraulasst
542 1818 602 1857 ist,
628 1819 693 1849 und
711 1818 779 1850 Ro-

113 1864 225 1894 manis
249 1863 330 1893 kurz
353 1863 565 1903 vorhergeht,
590 1873 626 1893 so
651 1863 719 1894 will
737 1863 775 1894 L.

114 1908 177 1938 wol
197 1917 236 1938 an
256 1908 306 1938 die
322 1906 511 1939 Gesandten
526 1909 583 1939 des
598 1907 778 1940 Marcellus

114 1963 141 1985 c.
160 1952 212 1990 27,
233 1952 262 1992 6,
282 1953 381 1983 deren
398 1953 538 1984 Abreise
552 1964 615 1983 von
632 1952 778 1995 Syr-acus

113 1998 203 2029 nicht
220 1998 386 2037 gemeldet
403 1998 462 2039 ist,
487 1998 627 2038 gedacht
644 1999 777 2041 wissen,

114 2043 261 2083 obgleich
276 2043 367 2074 diese
383 2043 470 2074 nicht
485 2054 520 2074 so
536 2043 702 2075 bestimmt
716 2045 778 2075 wie

111 2098 151 2119 an
167 2088 336 2119 {ihnlicben
348 2088 474 2119 Stellen
490 2088 778 2129 bezeichnetsind,

110 2133 177 2173 vgl.
202 2132 255 2173 23,
281 2132 331 2174 34,
356 2132 392 2164 2:
418 2135 450 2164 in
474 2134 537 2165 llas
549 2134 671 2175 ferme
687 2134 778 2177 leges

109 2179 143 2209 in
149 2181 199 2210 ter
207 2178 255 2210 Po
260 2178 600 2221 eumn—legatosque
607 2179 736 2211 Roman
743 2190 779 2211 os

110 2225 212 2255 ictum
211 2223 345 2265 foedus
351 2236 362 2263 ,·
372 2226 533 2266 missique
543 2226 666 2256 cum-iis
674 2225 719 2257 ad
725 2236 779 2257 re-

109 2271 165 2311 gis
186 2270 298 2312 ipsius
306 2269 633 2311 firmauda‘mfidem
655 2270 778 2312 legat&

111 2325 147 2346 es
161 2314 243 2345 wird
264 2324 338 2345 cum
353 2316 400 2345 eis
414 2316 568 2357 mittique
581 2317 779 2348 vermuthet.

157 2352 343 2391 29—33·
377 2359 408 2391 9.
427 2360 505 2399 Sieg
523 2361 581 2391 der
600 2361 777 2401 punischen

112 2403 224 2436 Partei
243 2405 273 2436 in
294 2405 453 2447 Syr-acus.
488 2405 574 2437 Plut.
592 2405 695 2437 Marc.
717 2406 775 2446 143

113 2449 172 2481 Sil.
191 2449 229 2481 It.
251 2450 301 2489 14,
324 2450 397 2481 125.

161 2494 257 2526 1-2.
285 2498 432 2533 orantes,
452 2495 504 2534 21,
520 2494 549 2534 6,
564 2496 595 2526 2.
616 2495 669 2527 Sie
684 2496 778 2536 glau-

111 2539 174 2571 ben
199 2540 265 2571 sich
290 2551 354 2571 von
379 2541 440 2571 den
460 2540 601 2572 Ro'inern
627 2541 775 2583 bedroht,

112 2584 132 2625 ἓ
146 2585 176 2624 4,
192 2596 219 2617 c.
233 2584 287 2616 27.
307 2604 351 2608 —
371 2597 454 2627 qnae
467 2586 544 2627 lega,
563 2587 620 2617 das
640 2597 709 2618 was
724 2588 775 2618 die

113 2629 301 2662 Gesaudten
316 2629 498 2669 forderten,
514 2632 573 2662 der
586 2631 710 2663 Zweck
725 2633 776 2663 ih—

113 2684 168 2706 rer
181 2675 346 2717 Sendung,
372 2686 397 2708 s.
417 2677 447 2717 7,
466 2676 519 2716 32,
542 2676 570 2708 1.
588 2695 632 2699 —
649 2688 775 2710 exone-

852 1592 948 1625 rand.
967 1592 1011 1624 ist
1028 1592 1115 1623 hier:
1140 1591 1212 1623 eine
1231 1591 1420 1623 driickende
1439 1591 1520 1624 Last

852 1637 1046 1677 entfernen3
1073 1637 1295 1678 gewiihnlicli:
1322 1637 1394 1668 eine
1413 1637 1519 1669 Saehe

851 1694 914 1714 von
939 1684 1033 1714 einer
1056 1683 1137 1714 Last
1161 1680 1324 1724 befreien,
1353 1682 1420 1721 vgl.
1439 1682 1518 1715 Tac.

852 1729 889 1760 H.
910 1729 939 1766 5,
959 1728 993 1759 2:
1012 1727 1267 1760 multitadsnem
1280 1745 1324 1749 —
1335 1728 1518 1770 promimus

848 1775 882 1805 in
902 1777 1012 1805 terras
1032 1776 1268 1809 eoeoneratam,·
1292 1772 1518 1812 Naegelsbach

852 1819 927 1850 Stil.
943 1819 976 1849 S.
988 1818 1063 1850 271¹».
1078 1837 1123 1841 —
1135 1828 1236 1849 merc.
1252 1828 1344 1854 aum,
1361 1819 1516 1857 gewo‘hu-

852 1864 914 1895 lich
926 1875 987 1894 nur
998 1864 1311 1895 mercennariioder
1319 1863 1518 1895 alloet'lsareS.

852 1928 895 1931 —
919 1910 1107 1950 effecerunt
1132 1908 1198 1940 fast
1220 1923 1264 1934 Ξ
1287 1908 1517 1950 θινρΙθῑένηηέ,

853 1965 880 1986 s.
899 1954 951 1991 23,
972 1955 1001 1994 5,
1022 1955 1055 1985 5:
1075 1954 1230 1993 dadurch,
1249 1954 1324 1984 dass
1343 1953 1409 1984 sich
1430 1954 1516 1984 viele

851 2000 1085 2037 anschfflssen,
1108 1999 1256 2030 machten
1282 1999 1329 2028 sie
1352 2008 1429 2037 aus,
1460 1999 1517 2030 be-

852 2045 1005 2086 wirkten,
1023 2045 1099 2075 dass
1117 2045 1169 2075 die
1189 2043 1269 2075 Zalil
1289 2044 1357 2074 voll
1375 2044 1501 2075 wurde.

897 2089 996 2121 3—4.
1038 2090 1089 2121 ilci
1109 2108 1153 2112 -—-
1170 2090 1213 2131 Izi,
1238 2099 1262 2120 S.
1283 2088 1321 2120 Z.
1341 2088 1360 2130 ξ
1381 2089 1456 2120 700.
1473 2108 1517 2111 —

852 2135 951 2167 velut.
975 2145 1084 2178 corp.‚
1111 2135 1172 2166 den
1196 2135 1306 2172 Staat,
1332 2135 1396 2165 wie
1420 2135 1516 2165 einen

851 2191 883 2212 u.
902 2191 928 2212 s.
945 2191 988 2212 w.
1012 2181 1080 2220 vgl.
1105 2191 1132 2211 c.
1159 2180 1208 2219 18,
1233 2179 1264 2210 2.
1309 2178 1379 2210 Zur
1411 2179 1516 2210 Sache

853 2226 919 2257 Cic.
940 2225 1009 2257 Cat.
1037 2226 1064 2265 1,
1093 2225 1142 2264 13,
1169 2225 1221 2256 31.
1245 2243 1289 2247 —
1312 2235 1387 2266 qvo,
1418 2235 1444 2257 c.
1463 2224 1515 2263 30,

854 2271 906 2302 14.
924 2272 1070 2313 —fi7zz't.
1086 2282 1191 2314 prov„
1211 2271 1261 2302 die
1276 2269 1396 2301 Riiiner
1413 2270 1514 2300 haben

851 2317 922 2348 also
947 2316 1101 2348 Leontini
1126 2317 1206 2347 noch
1231 2315 1320 2346 nicht
1347 2312 1515 2354 angegrif-

851 2360 917 2402 fen,
936 2363 1077 2393 sondern
1097 2362 1206 2392 dieses
1228 2362 1271 2392 ist
1290 2360 1360 2390 hier
1380 2370 1440 2390 nur
1456 2369 1514 2399 ge-

848 2405 996 2439 fiirchtet
1025 2408 1173 2438 worden.
1204 2425 1246 2429 —-
1272 2404 1431 2447 praesim,
1462 2404 1514 2436 die

850 2463 923 2484 zum
954 2453 1076 2484 Schutz
1104 2451 1314 2492 geschickten
1341 2448 1513 2491 Truppen3

847 2500 961 2537 statio,
986 2498 1037 2529 die
1056 2497 1206 2528 cinzclnc
1225 2494 1435 2535 Abtheilung,
1460 2495 1512 2526 die

847 2543 907 2574 auf
921 2544 992 2574 dem
1010 2543 1132 2574 Postea
1153 2542 1249 2572 steht.

894 2588 992 2619 5—6.
1005 2587 1179 2631 pacisfid„
1198 2587 1257 2616 der
1270 2585 1513 2627 zugesicherte,

848 2644 910 2665 von
922 2634 1067 2676 Syraeus
1083 2631 1205 2662 bereits
1220 2631 1404 2671 garantirte
1419 2630 1515 2661 Frie-

847 2679 898 2710 de.
913 2697 956 2702 —-
974 2678 1035 2710 sed
1048 2680 1126 2718 tota,
1146 2677 1228 2708 ohne
1249 2676 1512 2716 Wiederholung
