1784 2967
146 414 188 446 10

145 527 183 559 11

142 642 183 674 12

144 755 184 787 13

141 925 182 957 14

140 1097 180 1129 15

657 248 783 281 LIBER
809 248 963 282 XXVIII.
996 249 1088 282 CAP.
1116 249 1169 281 33.
1471 266 1498 286 a.
1514 266 1541 284 u.
1557 259 1618 285 548.

215 251 294 290 202

216 364 296 391 non
325 364 481 390 omnem
513 350 799 390 multitudinem
821 364 957 391 eorum
981 356 1154 403 caperet,
1182 364 1285 390 novo
1314 351 1427 391 etiam
1456 353 1620 391 consilio

216 409 353 448 adiecit
393 407 582 446 animum:
624 407 792 459 equitem
832 421 900 447 nec
940 420 1024 447 sese
1060 420 1178 459 posse
1215 408 1466 459 circumdare,
1489 409 1619 448 corni-

214 464 286 503 hus
309 465 346 502 in
368 470 445 503 tam
469 469 633 513 angusto
657 464 802 515 spatio,
834 470 871 503 et
891 465 1016 514 hosti,
1039 477 1153 516 quem
1176 477 1264 503 cum
1286 464 1414 515 pedite
1435 464 1618 505 deduxis-

216 527 284 567 set,
305 520 478 559 inutilem
500 520 599 567 fore,
622 521 749 572 itaque
771 521 935 572 imperat
955 521 1103 567 Laelio,
1130 526 1172 560 ut
1193 534 1262 572 per
1283 521 1388 560 collis
1412 533 1527 572 quam
1550 535 1614 561 oc-

214 577 429 616 cultissimo
466 577 598 616 itinere
636 578 896 617 circumducat
932 578 1079 628 equites
1117 583 1385 628 segregetque,
1432 583 1616 628 quantum
1649 586 1663 594 ”

216 639 368 684 posset,
398 638 616 684 equestrem
639 635 684 673 ab
707 634 874 685 pedestri
895 641 1082 686 pugnam,
1111 635 1193 685 ipse
1220 635 1349 673 omnia
1377 634 1487 684 signa
1508 634 1618 685 pedi—

214 696 294 728 tum
316 691 355 729 in
377 690 502 729 hostis
524 691 650 737 vertit,
671 696 855 741 quattuor
877 691 1049 730 cohortis
1071 691 1110 730 in
1131 692 1261 730 fronte
1283 691 1432 736 statuit,
1456 690 1543 742 quia
1564 691 1618 729 la—

213 747 288 786 tius
316 747 485 798 pandere
508 746 628 785 aciem
651 759 730 785 non
753 752 917 798 poterat.
959 760 1107 786 moram
1131 748 1328 799 pugnandi
1351 746 1495 786 nullam
1515 747 1619 794 fecit,

213 809 253 843 ut
273 803 359 854 ipso
383 803 591 842 certamine
613 809 797 842 averteret
818 804 863 842 ab
881 809 1092 854 conspectu
1110 804 1396 843 transeuntium
1417 816 1487 854 per
1503 803 1619 842 colles

210 860 395 910 equitum.
438 872 561 910 neque
596 866 683 898 ante
719 860 1005 899 circumductos
1042 872 1217 906 sensere,
1255 873 1368 912 quam
1403 861 1613 899 tumultum

211 916 399 967 equestris
422 928 572 967 pugnae
595 917 642 955 ab
664 917 772 967 tergo
795 929 988 968 accepere.
1030 916 1080 955 ita
1103 917 1180 955 duo
1203 918 1346 968 proelia
1368 922 1494 955 erant:
1522 917 1618 955 duae

212 974 383 1024 peditum
406 973 521 1019 acies,
545 973 621 1012 duo
646 974 836 1024 equitatus
860 985 929 1024 ρει
949 973 1230 1024 longitudinem
1253 973 1399 1024 campi,
1429 973 1516 1024 quia
1542 973 1616 1012 mi-

211 1030 308 1068 sceri
326 1043 370 1068 ex
388 1042 524 1080 genere
541 1035 707 1081 utroque
727 1030 918 1081 ριοεΙίιιιιι
942 1029 1141 1080 angustiae
1164 1042 1243 1068 non
1265 1022 1520 1080 patiebantur,
1542 1042 1616 1079 pu-

211 1086 693 1137 guahant.H1spano1um
722 1099 809 1125 cum
839 1098 963 1137 neque
984 1087 1101 1137 pedes
1123 1086 1241 1137 equiti
1261 1098 1386 1137 neque
1407 1098 1525 1136 eques
1547 1099 1615 1137 pe-

209 1221 258 1253 die
282 1220 493 1252 Verbalform
521 1221 747 1261 ausgedriickt
776 1222 874 1253 wird:

208 1267 288 1297 nach
308 1267 419 1297 seiner
437 1267 576 1298 Ansicht
595 1277 679 1306 war,
699 1267 766 1306 vgl.
787 1266 876 1298 VVex

950 1219 1154 1254 τεινόντων.
1177 1240 1222 1244 -
1244 1224 1377 1264 posset,
1400 1221 1458 1252 das
1486 1220 1614 1263 lmperf.

950 1268 1039 1298 steht
1063 1267 1093 1297 in
1119 1271 1203 1298 orat.
1237 1266 1301 1298 obl.
1322 1271 1405 1298 statt
1427 1266 1486 1298 des
1504 1264 1564 1298 fut.
1584 1266 1615 1297 in

207 1311 287 1342 Tac.
307 1312 386 1352 Agr.
405 1323 434 1353 p.
460 1311 520 1343 33:
546 1312 658 1343 indess
682 1311 784 1343 findet
807 1313 875 1343 sich

209 1357 360 1388 derselbe
375 1358 455 1388 auch
471 1357 555 1387 ohne
571 1358 684 1388 diesen
701 1357 827 1397 Grund,
848 1368 874 1388 s.

208 1401 261 1443 38,
281 1401 333 1441 36,
352 1402 387 1433 4:
411 1402 615 1445 supplicatio
632 1420 676 1425 —
688 1404 771 1445 suit,
789 1402 878 1444 quod

207 1466 250 1469 —
269 1449 425 1479 tenebrae
443 1449 580 1479 obortae
592 1449 746 1489 fueraut,
765 1451 799 1479 et
813 1458 875 1479 110-

207 1492 369 1524 remdi'ale
385 1503 531 1532 sacrum,
549 1492 638 1534 quod
654 1511 694 1514 —
709 1492 876 1535 lapidibus

207 1537 364 1580 pluisse&
384 1537 436 1577 22,
452 1538 502 1578 52),
523 1538 579 1576 1ος
599 1537 651 1577 39,
667 1537 720 1578 47,
740 1539 773 1568 1:
793 1549 876 1580 qnae

208 1583 418 1614 obicerentur
455 1586 515 1614 aut
547 1594 630 1624 quae
661 1601 705 1605 —
737 1583 876 1615 (licenda

208 1630 320 1665 erant3
338 1627 390 1667 21,
405 1627 459 1666 40,
474 1627 512 1665 23
531 1628 598 1659 Cic.
610 1628 700 1659 Fam.
714 1628 762 1666 13,
774 1628 827 1668 29,
841 1628 874 1667 13

206 1673 289 1704 iiber
303 1672 604 1713 cums.30,44,10‚
620 1673 875 1712 vg1.29,ls‚1s.

206 1736 250 1741 —
266 1729 349 1750 not-o
367 1720 481 1755 etiam,
500 1719 704 1757 ausserdem,
723 1719 799 1749 dass
818 1718 876 1750 das

206 1762 346 1795 Terrain
366 1764 429 1794 ihm
446 1764 581 1803 giinstig
599 1773 678 1794 war.
715 1763 781 1794 Der
795 1763 874 1794 Plan

207 1808 313 1840 selbst
329 1809 413 1840 wird
430 1809 530 1840 durch
549 1811 660 1850 itaque
674 1813 735 1839 etc.
755 1819 876 1848 ausge-

205 1851 311 1893 ffihrt3
328 1856 471 1895 equitem
480 1855 616 1894 —fore,
628 1864 722 1884 wozu
735 1864 794 1885 aus
805 1856 878 1885 tmi-

205 1910 296 1931 vmm
315 1900 439 1931 adiecit
455 1904 542 1930 etwa
557 1902 719 1942 reputans
733 1902 831 1938 enim,
847 1910 874 1931 s.

206 1943 340 1985 e.31,1‚
361 1945 501 1984 gedacbt
514 1945 648 1975 werden
664 1945 759 1982 kann,
779 1955 874 1975 wenn

205 1990 292 2020 nicht
309 1990 366 2021 mit
382 2000 442 2021 nee
459 1990 540 2020 noch
559 1991 661 2028 mehr,
681 1995 769 2021 etwa
783 1992 874 2031 equi-

205 2037 270 2065 tem
288 2036 377 2066 enim
393 2035 529 2066 videbat
543 2045 602 2066 nec
619 2046 693 2066 sese
706 2035 874 2074 ausgefal-

204 2079 256 2110 len
270 2080 324 2119 ist,
343 2079 472 2111 euthiilt
489 2080 572 2110 dazu
590 2081 640 2111 die
652 2081 789 2111 Motive.
811 2080 874 2111 Da-

206 2125 325 2163 durch,
354 2125 430 2155 dass
455 2125 546 2155 diese
569 2134 609 2155 an
641 2125 698 2155 das
723 2124 871 2156 Vox-her-

205 2171 278 2210 geh.
302 2170 576 2209 angeschlossen,
602 2170 690 2201 nicht
713 2170 775 2201 wie
799 2180 869 2201 man

206 2220 372 2246 erwarten
384 2216 496 2254 sollte,
511 2215 611 2245 durch
621 2217 765 2257 equitem
774 2217 872 2256 enim,

206 2271 303 2302 quem
320 2262 458 2301 —sore
475 2259 621 2299 videbat,
639 2260 751 2292 Laelio
768 2262 874 2302 impe-

206 2308 277 2343 ναῖς
298 2306 377 2336 oder
395 2316 473 2336 nam
491 2316 567 2337 eum
583 2307 723 2346 —-f07·e
744 2305 874 2337 videret

208 2352 268 2382 mit
286 2351 357 2382 dem
376 2350 469 2390 Folg.
495 2350 686 2382 verbunden
714 2351 802 2388 sind,
829 2351 872 2382 ist

204 2397 318 2437 itaque
342 2396 372 2426 in
398 2396 503 2427 einem
527 2396 668 2427 leichten
686 2395 871 2427 Anacoluth

205 2440 487 2482 angekniipft.b-—
509 2441 724 2478 dedita-isset,
756 2441 787 2472 in
813 2441 871 2471 das

206 2485 299 2522 Thal,
319 2485 339 2527 ξ
359 2485 388 2517 8.
406 2504 449 2508 —
467 2497 564 2528 quem
580 2500 623 2512 =
641 2497 717 2518 eum
736 2487 871 2527 (suum),

206 2541 313 2571 quem.

254 2575 395 2607 11—153.
419 2587 482 2628 per
497 2577 568 2608 coll.
571 2576 732 2618 ,Polybs
754 2576 872 2628 προῆ·

206 2629 245 2661 γε
264 2618 325 2652 δια
345 2621 419 2652 τῶν
442 2601 584 2673 λόφω]
611 2632 684 2653 zon
707 2618 785 2653 απὸ
808 2622 873 2662 τῆς

207 2665 440 2707 παρεμβολῆς
451 2664 513 2697 ἐπὶ
527 2663 593 2699 τὸν
606 2663 670 2698 αὐ)
675 2667 725 2700 ῶι
729 2678 750 2698 α
764 2677 872 2698 κατα-

951 1323 998 1344 or.
1026 1317 1119 1343 recta
1148 1312 1317 1343 bisweilen
1343 1312 1374 1342 in
1398 1312 1617 1352 untergeord-

948 1362 1047 1388 neten
1066 1357 1188 1388 S'atzen
1216 1357 1318 1388 neben
1343 1357 1414 1387 dem
1440 1355 1613 1396 Praesens,

950 1403 1029 1434 nach
1054 1402 1158 1433 einem
1178 1412 1288 1443 praes.
1311 1402 1405 1441 hist„
1431 1412 1458 1432 s.
1482 1400 1615 1434 Rraner

950 1458 991 1478 zu
1009 1447 1102 1478 Caes.
1123 1447 1154 1479 Β.
1176 1446 1214 1478 G.
1238 1447 1265 1487 1,
1288 1446 1338 1487 16,
1357 1446 1394 1485 6;
1419 1446 1491 1478 Liv.
1510 1446 1540 1486 3,
1560 1446 1613 1487 21,

950 1493 986 1531 73
1007 1492 1060 1529 42,
1084 1492 1114 1532 ἵ,
1137 1492 1170 1523 6:
1189 1495 1237 1531 ut,
1257 1495 1380 1533 quanto
1400 1495 1542 1534 possent
1559 1495 1614 1524 tu-

947 1538 1069 1578 multu,
1090 1556 1133 1560 —
1149 1539 1341 1576 incurram&
1363 1537 1443 1568 Sall.
1460 1536 1494 1568 C.
1511 1536 1563 1576 32,
1578 1537 1613 1569 2:

947 1583 1098 1619 mandat,
1116 1584 1235 1624 qm'bus
1251 1584 1403 1625 possent,
1425 1600 1469 1605 —
1489 1583 1614 1624 confir-

949 1631 1057 1666 meni3
1075 1627 1169 1659 Caes.
1187 1628 1220 1659 Β.
1236 1628 1274 1659 G.
1289 1629 1318 1666 5,
1335 1627 1386 1667 46,
1402 1628 1437 1658 4;
1457 1629 1616 1671 siposset

950 1690 994 1697 ω
1012 1675 1137 1711 veniat,
1160 1673 1202 1704 ib.
1224 1673 1274 1711 11,
1293 1673 1329 1710 43
1357 1672 1390 1711 l,
1409 1672 1446 1712 8,
1470 1672 1488 1703 2
1513 1683 1546 1703 u.
1569 1683 1614 1714 a.,

951 1718 1072 1749 ebenso
1095 1717 1306 1758 umgekehrt,
1337 1717 1417 1749 Sall.
1444 1717 1467 1749 I.
1491 1716 1549 1757 46,
1573 1718 1613 1757 43

950 1764 1016 1803 vgl.
1041 1774 1082 1794 zu
1105 1762 1165 1803 25,
1195 1762 1254 1803 38,
1284 1764 1319 1801 43
1352 1762 1409 1802 26,
1440 1762 1491 1802 29,
1522 1762 1551 1794 7.
1569 1781 1614 1787 —-

950 1811 1095 1850 equestr.
1113 1826 1157 1831 —
1173 1818 1335 1851 pugnam,
1359 1818 1384 1838 s.
1405 1818 1433 1840 c.
1451 1807 1504 1847 39,
1523 1807 1561 1847 ὃς
1582 1809 1612 1849 7,

951 1854 986 1888 7,
1013 1853 1047 1884 3:
1076 1864 1184 1885 novus
1209 1855 1316 1885 veleri
1335 1854 1507 1885 emereitas
1535 1855 1612 1885 iun-

945 1900 1061 1940 guam
1083 1898 1113 1937 S,
1132 1899 1162 1937 5,
1181 1897 1216 1929 3:
1234 1898 1390 1930 Latinum
1405 1898 1557 1931 Romano
1569 1917 1614 1921 —

946 1946 1125 1988 imperium
1144 1954 1174 1974 u.
1190 1953 1219 1975 a.
1238 1962 1276 1966 —
1291 1944 1454 1984 cohortes,
1474 1954 1500 1975 s,
1516 1954 1544 1975 c.
1562 1944 1612 1983 14,

950 1990 1007 2027 173
1036 1989 1106 2020 also
1137 1999 1198 2019 nur
1228 1988 1264 2020 12
1290 1988 1449 2030 Manipel,
1477 1988 1514 2029 je
1543 1989 1613 2020 drei

949 2035 1057 2065 hinter
1075 2034 1244 2074 einandeo,
1264 2034 1418 2065 wiihrend
1436 2036 1530 2064 so‘nst
1546 2034 1611 2064 alle

946 2079 1092 2120 Manipel
1111 2080 1170 2109 der
1188 2079 1309 2109 hastati
1327 2076 1392 2109 und
1415 2079 1473 2109 der
1490 2077 1612 2117 Legio-

946 2134 1007 2154 nen
1025 2124 1089 2154 und
1108 2124 1167 2154 der
1182 2123 1254 2154 alae
1273 2123 1437 2154 sociorum
1455 2123 1506 2154 die
1521 2128 1611 2155 erste

946 2169 1034 2200 acies
1054 2168 1174 2199 bilden.
1192 2186 1236 2190 —
1253 2171 1420 2200 averteret
1437 2179 1467 2199 n.
1484 2169 1611 2200 hostes.

945 2232 990 2236 —
1006 2224 1122 2255 neque,
1140 2214 1204 2244 und
1223 2214 1251 2244 in
1272 2214 1331 2244 der
1348 2213 1434 2245 That
1452 2214 1550 2244 nicht.

994 2259 1081 2289 14—
1098 2259 1148 2290 15.
1186 2261 1371 2300 equitatus,
1408 2259 1468 2290 der
1497 2258 1612 2290 Plural

945 2314 1015 2335 war
1031 2304 1103 2335 hier
1122 2304 1343 2344 nothwendig‚
1362 2304 1519 2335 bedeutet
1531 2304 1612 2335 aber

944 2354 1037 2381 sonst
1056 2348 1349 2387 Reiterschaareu,
1368 2360 1394 2380 s.
1415 2349 1496 2380 Sall.
1514 2347 1538 2388 I,
1557 2350 1611 2390 46,

945 2395 974 2435 7,
994 2395 1059 2434 vgl.
1078 2394 1170 2426 Caes.
1190 2395 1224 2425 B.
1240 2393 1274 2426 C.
1300 2394 1331 2433 1,
1357 2393 1417 2434 61,
1442 2393 1472 2426 3.
1491 2412 1534 2417 —
1550 2405 1612 2437 per

945 2440 1076 2482 longit„
1095 2441 1183 2471 nicht
1201 2441 1262 2471 wie
1281 2439 1487 2479 gewtihnlich
1506 2440 1610 2471 neben

947 2486 1117 2523 einander,
1145 2484 1287 2516 sonderu
1314 2485 1422 2515 hinter
1440 2485 1610 2525 einander,

946 2532 976 2561 in
996 2532 1056 2562 der
1073 2530 1184 2570 Lange
1202 2531 1259 2561 des
1279 2529 1397 2566 Thals,
1417 2529 1475 2568 27,
1499 2529 1558 2568 48,
1578 2530 1608 2562 7.

942 2594 986 2598 ——-
1003 2577 1146 2616 misceri,
1166 2585 1228 2606 von
1249 2575 1363 2606 beiden
1380 2574 1608 2617 Truppengat-

945 2625 1066 2661 tungen
1091 2631 1294 2659 zusammen,
1324 2621 1520 2658 vermischt,
1550 2631 1608 2660 ge-

944 2665 1070 2708 k'zimpft
1098 2666 1230 2697 werden
1259 2665 1393 2697 konnte.
1422 2683 1465 2687 —
1486 2665 1608 2709 Hispa-

1763 580 1767 583 “
1762 343 1781 561 ω-ᾎψιῃψ
1773 317 1782 321 ι
