1784 2967
162 238 188 255 a.
201 229 255 255 Ch.
268 230 330 254 202.

630 218 758 252 LIBER
784 218 900 251 XXX.
947 218 1041 251 CAP.
1069 218 1122 250 31.

1489 219 1564 258 391

160 321 199 361 in
227 325 362 360 nostra
389 325 579 373 potestate
600 325 704 360 sunt.
747 324 917 359 ceterum
939 325 982 360 ut
1001 320 1070 359 tibi
1091 332 1205 360 curae
1225 324 1283 369 est
1303 319 1446 359 sentire
1467 319 1568 359 cives
1598 329 1617 361 3

159 383 260 425 tuos,
291 384 434 429 quanto
456 391 526 430 per
546 383 584 417 te
606 389 724 416 onere
745 377 929 424 leventur,
953 377 1008 416 sic
1028 377 1123 416 mihi
1144 376 1395 416 laborandum
1418 381 1489 423 est,
1510 389 1569 423 ne,

160 447 256 485 quae
290 439 374 473 tum
409 435 660 486 pepigerunt,
696 433 811 472 hodie
840 433 1036 472 subtracta
1063 446 1107 472 ex
1137 433 1432 472 condicionibus
1463 432 1568 484 pacis

160 491 332 542 praemia
349 491 532 542 perfidiae
553 490 730 529 habeant.
771 489 937 539 indigni,
970 489 1109 541 quibus
1131 490 1262 528 eadem
1286 494 1413 540 pateat
1433 489 1569 528 condi-

110 557 130 588 5
161 547 240 593 cio,
278 547 411 593 etiam,
442 553 483 587 ut
509 546 635 598 prosit
661 545 770 584 vobis
796 546 922 592 fraus,
950 546 1093 597 petitis.
1134 558 1259 596 neque
1285 551 1414 596 patres
1443 545 1570 585 nostri
1597 558 1619 591 4

157 604 311 654 priores
334 604 380 642 de
397 604 536 650 Sicilia,
558 615 682 654 neque
702 614 776 641 nos
799 602 846 641 de
863 602 1048 654 Hispania
1062 602 1226 641 fecimus
1242 602 1403 641 bellum:
1426 606 1462 641 et
1477 606 1569 640 tunc

158 659 476 699 Mamertinorum
510 659 707 698 sociorum
735 659 967 710 periculum,
1000 664 1037 697 et
1065 670 1169 697 nunc
1190 658 1350 709 Sagunti
1377 657 1567 697 excidium

157 715 273 755 nobis
295 716 356 766 pia
379 729 422 755 ac
442 716 542 755 iusta
563 716 776 754 induerunt
795 728 920 754 arma:
948 727 1016 753 vos
1036 716 1226 754 lacessere
1247 720 1284 753 et
1303 720 1345 753 tu
1366 714 1451 765 ipse
1471 715 1567 753 fate-

157 772 210 811 ris
232 777 270 811 et
289 772 350 810 dei
370 777 488 812 testes
512 777 613 819 sunt,
638 772 701 823 qui
724 776 761 810 et
780 772 879 810 illius
900 771 988 810 belli
1009 772 1152 810 exitum
1175 771 1389 810 secundum
1412 771 1471 809 ius
1488 771 1566 809 fas-

156 885 349 924 humanae
370 885 603 924 infirmitatis
625 884 800 923 memimi
822 888 859 923 et
880 884 954 922 vim
983 884 1163 922 fortunae
1192 889 1329 935 reputo
1359 888 1396 922 et
1423 883 1565 929 omnia,

156 953 423 993 quaecumque
451 942 623 992 agimus,
655 941 826 980 subiecta
856 953 942 979 esse
973 940 1075 979 mille
1096 940 1247 979 casibus
1271 940 1369 987 sc103
1397 944 1566 978 ceterum

157 1010 272 1049 quem
295 998 340 1036 ad
362 998 523 1037 modum
546 997 711 1048 superbe
733 1002 768 1036 et
783 997 966 1036 violenter
985 1009 1046 1035 me
1062 997 1201 1035 faterer
1217 997 1353 1043 facere,
1375 996 1418 1042 si,
1436 996 1567 1046 prius-

156 1066 269 1105 quam
292 1054 331 1092 in
351 1054 519 1093 Africam
540 1054 796 1101 traiecissem,
824 1057 861 1092 te
882 1058 946 1092 tua
967 1053 1162 1092 voluntate
1185 1053 1383 1092 cedentem
1405 1052 1509 1090 Italia
1531 1057 1568 1090 et

89 1117 129 1149 15
155 1110 340 1162 imposito
362 1111 403 1149 in
423 1123 538 1149 naves
561 1110 729 1149 exercitu
750 1110 881 1161 ipsum
904 1110 1119 1148 venientem
1138 1109 1184 1148 ad
1201 1121 1336 1160 pacem
1358 1108 1565 1159 petendam

155 1179 399 1218 aspernarer;
429 1167 485 1206 sic
511 1178 634 1214 nunc,
662 1179 748 1206 cum
779 1179 903 1217 prope
929 1178 1049 1204 manu
1077 1170 1301 1204 consertum
1324 1164 1566 1203 restitantem

153 1257 274 1298 ferung
291 1258 350 1290 der
367 1258 503 1298 Schiffe,
523 1258 574 1289 die
595 1258 825 1289 Contribution

153 1313 186 1334 u.
211 1312 237 1334 s.
263 1313 322 1343 w.‚
346 1314 372 1335 s.
398 1314 426 1335 c.
453 1303 512 1342 163
536 1303 653 1345 Polyb.
679 1314 708 1334 c.
733 1303 763 1334 8.
782 1321 826 1324 —

152 1349 297 1387 sentire,
332 1349 421 1380 nicht
452 1351 537 1380 cives
570 1351 664 1388 tuos,
697 1348 741 1379 ist
766 1348 826 1378 der

154 1392 399 1434 Hauptbegriff,
423 1394 489 1424 und
507 1393 643 1425 desbalb
661 1402 827 1432 vorange-

154 1438 266 1478 stelit,
285 1439 463 1470 chiastisch
486 1440 640 1482 pr'aemza
656 1438 730 1469 lzab.
751 1442 824 1469 ent-

153 1484 354 1535 sprechend3
374 1494 400 1514 s.
416 1484 495 1526 App.
505 1494 532 1514 c.
543 1483 601 1514 39:
616 1481 721 1523 πολὺ,
740 1480 824 1526 ἔφη,

153 1526 289 1580 κέρδος
316 1524 462 1570 Ἀννίβα
491 1529 554 1569 τῆς
576 1539 653 1570 ape}
658 1539 696 1569 ης
719 1526 824 1559 ἔσται

152 1573 214 1614 τῆς
231 1571 268 1610 ἐξ
282 1570 452 1614 Ιταλίας,
479 1573 510 1605 εἰ
528 1573 640 1604 ταῦτα
658 1568 824 1616 προσλά-

151 1620 212 1659 βοι
235 1629 337 1661 παρα
362 1619 588 1653 Σκιπίωνος.
606 1637 650 1640 -
669 1620 746 1649 ΐιιηο
763 1627 822 1648 aus

150 1664 387 1706 superioribus
415 1674 457 1694 zu
485 1663 652 1694 erkl'aren.
676 1680 721 1685 —
743 1664 823 1694 sub-

152 1710 272 1748 tracta,
291 1708 358 1748 vgl,
377 1718 404 1738 c.
426 1707 477 1747 16,
499 1706 568 1738 11f.

197 1753 309 1784 4—5.
344 1752 411 1783 Der
440 1751 572 1790 Grund,
602 1757 820 1782 warum‘von

152 1798 214 1829 den
247 1797 390 1829 Ro'mern
424 1796 699 1837 Nachgiebigkeit
733 1796 822 1827 nicht

150 1841 323 1883 gefordert
339 1842 475 1873 werden
490 1841 586 1876 kann
604 1840 752 1881 zugleieh
768 1840 819 1872 die

150 1888 308 1919 Antwort
336 1885 395 1919 auf
419 1897 447 1918 c.
477 1885 530 1924 30,
561 1884 611 1917 fif.
641 1904 686 1908 —
714 1896 821 1928 neque

150 1933 400 1975 oorrespondirt
422 1942 485 1963 nur
507 1932 578 1962 dem
601 1930 680 1970 folg.
704 1942 818 1972 neque,

151 1978 268 2020 kniipft
291 1978 379 2008 nicht
401 1987 442 2008 an
468 1977 525 2007 das
543 1975 750 2015 Vorhergeh.
767 1986 820 2016 an,

150 2023 272 2054 ebenso
303 2022 521 2065 entsprec-hen
553 2022 620 2052 sich
650 2023 683 2052 et
703 2039 747 2043 -——
770 2023 819 2059 et3

151 2068 370 2099 erkliirendes
385 2067 581 2109 Asyndeton
596 2077 637 2097 zu
652 2065 818 2098 deniVor-

149 2114 296 2154 hergeh.,
313 2113 378 2144 und
395 2113 444 2144 als
459 2111 662 2143 Parenthese
681 2121 722 2142 zu
741 2112 821 2142 neh-

149 2168 240 2197 men,
272 2159 333 2189 den
358 2157 548 2197 Gegensatz
578 2167 617 2188 zu
641 2158 758 2199 patres
776 2174 819 2178 —

149 2213 211 2235 nos
240 2203 369 2233 enthiilt
390 2213 460 2234 vos.
484 2203 690 2244 —secz'mus
714 2201 818 2232 haben

150 2245 425 2287 hervorgerufen,
441 2245 645 2287 angestiftet,
660 2257 686 2277 s.
702 2245 756 2286 31,
770 2246 819 2287 11,

150 2293 181 2324 6.
211 2310 253 2314 —-
281 2293 469 2332 sociorum,
511 2302 536 2322 s.
567 2291 747 2323 Mommsen
792 2290 820 2330 1,

151 2337 253 2369 504ff.
271 2339 387 2380 —pz'a
411 2347 441 2368 a.
467 2338 507 2375 22,
534 2346 560 2367 s,
585 2336 614 2376 9,
642 2336 669 2375 1,
698 2335 748 2367 16.
774 2353 820 2358 -—

149 2382 328 2420 lacessere,
359 2382 409 2413 ihr
438 2382 508 2412 seid
539 2381 653 2411 inuner
674 2381 726 2411 die
751 2378 818 2411 An-

149 2426 358 2468 greifenden,
389 2426 523 2458 stiirker
550 2426 599 2456 als
629 2426 818 2457 lacessisse.

149 2491 193 2495 —
209 2471 395 2504 secandum
418 2476 500 2509 etc„
530 2471 596 2511 vgl.
623 2470 676 2510 21,
706 2470 756 2509 10,
781 2470 818 2501 9:

149 2521 287 2549 eventus
327 2516 402 2548 belle·
431 2518 520 2548 sicat
549 2526 674 2556 aequus
703 2514 818 2554 tudem,

148 2562 237 2595 unde
252 2564 308 2594 ius
325 2562 454 2602 stabat,
480 2563 511 2592 ei
526 2562 701 2593 victoriam.
719 2560 817 2601 dedit,

148 2608 216 2648 vgl.
235 2607 266 2647 3,
285 2607 338 2648 44,
357 2607 388 2638 5.

195 2652 305 2684 6—8.
332 2652 488 2684 Antwort
515 2649 574 2682 auf
594 2650 615 2693 ξ
637 2648 720 2691 111.,
747 2648 817 2682 19f.

894 1274 938 1279 —-
951 1259 1099 1288 ceterum
1115 1260 1188 1297 em,
1206 1255 1404 1294 ungeachtet
1418 1255 1468 1286 ich
1482 1255 1566 1286 alles

894 1302 1013 1333 dessen
1029 1300 1211 1340 eiugedenk
1225 1300 1289 1341 bin,
1307 1300 1425 1339 glaube
1440 1300 1490 1331 ich
1504 1310 1566 1330 un-

894 1351 947 1378 ter
974 1347 1036 1377 den
1054 1346 1290 1385 vorliegenden
1308 1344 1565 1377 Verhiiltnissen

894 1392 977 1423 doch
1001 1392 1090 1423 nicht
1113 1390 1322 1429 iibermiithig
1346 1401 1387 1421 zu
1413 1390 1565 1431 handeln,

896 1446 991 1467 wenn
1002 1437 1052 1468 ich
1062 1433 1122 1467 auf
1131 1436 1192 1466 den
1204 1434 1361 1466 friiheren
1372 1434 1567 1466 Forderun-

896 1491 957 1521 gen
990 1481 1145 1519 bestehe,
1178 1490 1214 1511 es
1247 1479 1353 1510 lieber
1385 1479 1444 1510 auf
1470 1480 1566 1511 einen

896 1525 1219 1568 Hampfankommen
1233 1525 1333 1565 lasse,
1346 1524 1396 1555 als
1411 1534 1474 1555 von
1483 1525 1567 1556 den-

895 1571 1011 1602 selben
1050 1570 1185 1610 abgehe.
1218 1587 1263 1593 —-
1294 1571 1455 1613 imposito
1488 1573 1566 1610 etc.,

895 1616 1122 1655 Erliiuterung
1162 1615 1226 1645 und
1268 1614 1468 1655 Steigerung
1507 1615 1565 1645 des

895 1660 1120 1701 Vorhergeh.:
1168 1660 1324 1690 nachdem
1365 1660 1406 1690 du
1447 1659 1564 1690 ltalien

894 1706 1045 1746 g'zinzlich
1081 1704 1233 1745 geriiumt
1264 1705 1328 1735 und
1360 1703 1564 1744 aufgegeben

893 1751 1031 1782 hattest.
1055 1768 1099 1772 —
1122 1750 1252 1791 ipsum,
1277 1749 1340 1779 wie
1364 1751 1423 1780 tua
1445 1748 1563 1780 volun-

895 1798 977 1827 tate:
996 1792 1055 1826 auf
1069 1795 1206 1833 eigenen
1225 1793 1375 1834 Antrieb,
1394 1793 1483 1824 nicht
1499 1803 1562 1824 von
1586 1791 1588 1794 ’

859 1863 864 1867 .
892 1840 955 1871 11111·
982 1839 1161 1880 genethigt.
1184 1856 1227 1861 —-
1256 1848 1477 1880 aspernarer,
1507 1839 1564 1870 da-

892 1885 985 1925 mals,
1003 1884 1052 1915 als
1071 1884 1121 1915 ich
1139 1883 1221 1914 noch
1239 1882 1328 1914 nicht
1346 1883 1563 1922 iibergesetzt

892 1939 972 1969 war,
993 1929 1084 1960 hiitte
1103 1927 1354 1959 zuriiekweisen
1373 1927 1504 1959 wollen.
1518 1946 1562 1951 -

891 1984 990 2014 mmo,
1006 1984 1031 2005 s.
1044 1974 1072 2014 1,
1083 1973 1136 2013 28,
1147 1973 1177 2004 9.
1191 1991 1234 1995 -—
1246 1983 1349 2004 manu
1358 1976 1560 2014 consertum,

893 2020 1068 2061 Supinum3
1087 2019 1146 2050 der
1160 2018 1334 2049 Ausdruck
1355 2018 1398 2049 ist
1411 2019 1473 2049 wie
1489 2017 1509 2059 ξ
1524 2018 1561 2049 5:

891 2064 1075 2096 seeundum
1092 2064 1151 2094 der
1164 2063 1398 2103 gerichtlichen
1416 2063 1562 2105 Sprache

892 2110 922 2141 iu
939 2110 1000 2140 den
1015 2109 1266 2149 Legisactionen
1283 2108 1442 2148 entlelint,
1461 2109 1490 2138 111
1506 2108 1563 2139 de-

892 2165 954 2185 nen
970 2155 1022 2185 die
1039 2153 1242 2186 streitenden
1258 2152 1410 2183 Parteien
1430 2164 1480 2184 uui
1499 2153 1561 2184 den

892 2199 1104 2239 Gegenstand
1119 2199 1178 2229 der
1194 2197 1298 2237 lilage
1317 2198 1411 2228 einen
1426 2198 1562 2228 Schein-

892 2242 1005 2284 kunupf
1020 2244 1205 2283 begaunen,
1225 2253 1251 2273 S.
1272 2241 1358 2273 Gell.
1379 2242 1431 2282 20,
1455 2242 1504 2282 10,
1523 2242 1560 2274 9:

890 2291 1084 2320 institutum
1104 2291 1169 2326 est,
1192 2305 1235 2309 —
1252 2290 1291 2318 ut
1303 2287 1477 2329 liliganles
1493 2297 1560 2319 non

890 2336 924 2366 1ἠ
939 2336 1013 2365 iare
1026 2333 1119 2378 apud
1129 2334 1322 2375 praetorem
1337 2329 1473 2364 maulim
1483 2343 1562 2363 con-

891 2382 1053 2419 sererent,
1072 2379 1133 2410 sed
1146 2378 1200 2409 ‘ezr
1216 2378 1291 2408 iure
1306 2388 1409 2409 ‘mmm
1426 2387 1560 2409 conser-

894 2423 973 2456 izmz⁷
982 2427 1146 2463 roem-ent,
1161 2422 1199 2454 id
1207 2425 1259 2453 est
1271 2422 1506 2454 alterallerzzm
1516 2432 1561 2454 eoe

891 2472 965 2501 iare
977 2469 1023 2500 acl
1031 2479 1169 2500 manum
1182 2478 1340 2500 eom-eren
1346 2467 1421 2499 dam
1432 2469 1464 2499 '1'11
1475 2478 1558 2508 rem,

893 2514 933 2546 de
955 2525 1019 2556 qua
1041 2517 1202 2555 ageretur
1226 2511 1298 2553 (ass
1317 2513 1376 2543 den
1395 2513 1503 2544 Acker
1525 2523 1558 2544 u.

892 2570 918 2590 s.
941 2561 987 2593 w.)
1006 2577 1050 2582 —-—-
1066 2561 1202 2590 vocaret
1221 2563 1302 2596 etc.,
1321 2557 1428 2589 Varro
1459 2557 1496 2589 L.
1521 2557 1558 2589 L.

892 2604 921 2643 6,
937 2604 995 2635 64:
1013 2606 1060 2635 sic
1074 2614 1251 2636 conserere
1262 2614 1401 2635 manum
1414 2602 1562 2635 dicimur

892 2659 968 2681 cum
985 2649 1091 2690 hoste,
1109 2651 1157 2680 sic
1174 2660 1218 2681 em
1233 2651 1308 2681 iure
1323 2659 1461 2680 manum
1480 2658 1558 2680 con-

1598 729 1617 760 5

93 837 134 869 10
158 841 232 880 que
261 828 451 868 dederunt
477 833 514 868 et
541 829 654 867 huius
686 828 779 867 dant
805 833 842 866 et
869 828 1027 867 dabunt.
1069 828 1172 878 quod
1201 828 1246 867 ad
1275 840 1337 866 me
1363 827 1508 873 attinet,
1531 831 1570 866 et
1595 840 1616 872 6

1597 954 1615 985 7
