1784 2967
619 240 745 272 LIBER
770 239 886 272 XXX.
936 238 1030 271 CAP.
1060 239 1113 271 35.
1140 238 1194 271 36.

1473 255 1500 273 ⁸.
1515 254 1543 272 u.
1557 246 1620 274 552.

213 247 294 286 404

141 353 179 385 11
211 348 333 387 fectus
363 352 462 391 erat,
491 342 669 390 redisset,
704 342 833 382 fassus
863 342 903 381 in
932 342 1036 382 curia
1065 346 1124 381 est
1150 353 1232 381 non
1260 340 1407 393 proelio
1438 340 1556 380 modo
1580 353 1622 380 se

131 519 184 558 36

212 405 278 443 sed
305 403 403 442 hello
433 401 596 445 victum,
632 410 705 437 nec
733 411 842 450 spem
880 399 1017 438 salutis
1046 398 1135 438 alibi
1165 410 1281 450 quam
1312 397 1352 437 in
1380 410 1474 449 pace
1494 397 1622 449 impe-

184 476 187 477 ’
209 460 346 499 tranda
366 470 463 496 esse.

329 514 459 566 Scipio
484 512 689 552 confestim
711 525 731 551 a
759 512 907 563 proelio
936 512 1162 563 expugnatis
1191 511 1365 550 hostium
1396 510 1534 550 castris
1564 510 1623 549 di-

162 583 180 614 2
213 572 412 623 reptisque
435 582 521 609 cum
544 568 688 619 ingenti
705 569 846 620 praeda
863 569 908 607 ad
931 581 1037 607 mare
1058 582 1101 608 ac
1120 581 1236 607 naves
1258 567 1381 615 rediit,
1400 567 1537 606 nuntio
1554 567 1623 606 ad-

209 629 283 667 lato
307 628 348 666 P.
372 626 578 666 Lentulum
603 638 690 665 cum
714 625 991 676 quinquaginta
1012 625 1204 671 rostratis,
1236 629 1390 664 centum
1422 623 1624 670 onerariis,

161 694 179 725 3
210 697 296 724 cum
320 683 427 723 omni
457 695 595 734 genere
623 687 864 721 commeatus
893 682 939 720 ad
970 681 1118 721 Uticam
1146 682 1372 721 accessisse.
1411 680 1624 719 admoven-

161 1264 179 1293 (ἱ

209 742 301 780 dum
324 741 440 791 igitur
460 740 632 791 undique
653 744 843 777 terrorem
866 738 1069 789 perculsae
1090 737 1311 789 Carthagini
1339 742 1448 776 ratus
1463 769 1471 784 ,
1499 736 1622 775 misso

209 798 335 837 Laelio
367 798 533 836 Romam
564 808 651 835 cum
680 795 862 834 victoriae
889 795 1027 834 nuntio
1052 795 1254 834 Octavium
1283 793 1458 834 terrestri
1488 793 1625 832 itinere

209 855 349 894 ducere
371 853 544 905 legiones
568 852 842 903 Carthaginem
864 851 1100 903 iubet;·ipse
1121 852 1166 890 ad
1197 864 1306 890 suam
1335 855 1503 889 veterem
1524 862 1624 889 nova

209 911 360 950 Lentuli
391 911 515 950 classe
544 910 725 949 adiuncta
753 908 951 960 profectus
981 908 1027 947 ab
1053 908 1161 947 Utica
1196 913 1353 959 portum
1384 906 1624 957 Carthaginis

213 969 321 1020 petit.
353 967 454 1006 haud
473 966 611 1019 procul
631 965 772 1012 aberat,
798 977 886 1004 cum
908 965 1027 1004 velata
1048 964 1178 1004 infulis
1196 965 1390 1014 ramisque
1408 963 1512 1001 oleae
1528 963 1625 1002 Car-

206 1024 509 1075 thaginiensium
533 1022 703 1061 occurrit
724 1021 845 1061 navis.
878 1022 1010 1060 decem
1032 1021 1145 1071 legati
1168 1025 1288 1068 erant,
1310 1020 1503 1072 principes
1532 1019 1623 1058 civi—

207 1081 311 1128 tatis,
333 1086 490 1120 auctore
510 1079 723 1119 Hannibale
745 1078 857 1117 missi
879 1078 924 1117 ad
947 1078 1151 1130 petendam
1186 1090 1333 1128 pacem.
1375 1076 1439 1127 qui
1467 1088 1555 1114 cum
1578 1075 1624 1113 ad

208 1137 372 1189 puppim
394 1136 612 1189 praetoriae
633 1136 740 1175 navis
764 1135 1025 1174 accessissent
1046 1134 1262 1173 velamenta
1286 1133 1505 1185 supplicum
1528 1144 1624 1183 por—

208 1195 398 1246 rigentes,
432 1198 588 1233 orantes
624 1192 956 1243 implorantesque
987 1192 1101 1230 fidem
1131 1204 1174 1230 ac
1201 1190 1509 1230 misericordiam
1539 1188 1622 1228 Sci-

210 1251 356 1302 pionis,
386 1250 534 1289 nullum
568 1249 614 1288 iis
644 1249 746 1288 aliud
774 1260 1014 1300 responsum
1043 1248 1195 1294 datum,
1224 1260 1338 1299 quam
1365 1252 1408 1285 ut
1438 1246 1622 1297 Tynetem

207 1308 400 1346 venirent:
423 1320 469 1346 eo
493 1319 535 1345 se
556 1310 758 1344 moturum
776 1310 911 1344 castra.
934 1305 1019 1357 ipse
1036 1305 1080 1343 ad
1101 1304 1443 1355 contemplandum
1463 1302 1623 1341 Cartha—

207 1364 307 1413 ginis
331 1364 460 1411 situm,
488 1374 570 1401 non
598 1368 677 1401 tam
707 1362 896 1400 noscendi
926 1362 965 1400 in
993 1361 1210 1412 praesentia
1242 1373 1358 1412 quam
1381 1358 1624 1410 deprimendi

205 1421 332 1459 hostis
351 1432 465 1459 causa
483 1425 701 1471 provectus,
726 1418 889 1465 Uticam,
917 1419 1055 1473 eodem
1084 1422 1122 1457 et
1143 1417 1299 1457 Octavio
1329 1420 1529 1462 revocato,
1559 1427 1622 1453 re—

208 1512 280 1542 dem
310 1510 432 1542 Senate
461 1510 542 1540 oder
570 1510 629 1540 der
657 1509 809 1541 Ger-usia.
836 1526 879 1531 —
953 1504 1182 1541 πεντακόσια
1205 1526 1250 1530 -
1273 1506 1420 1551 ἔπεμπε
1444 1506 1505 1537 καὶ
1527 1507 1626 1538 Λαί-

209 1556 290 1588 bello
310 1556 398 1586 nicht
415 1554 572 1593 taktisch‚
594 1554 735 1585 sondern
755 1558 881 1584 strate-

954 1554 1033 1586 λιον
1050 1551 1317 1596 ἐξαγγελοῦντα
1335 1552 1421 1595 περὶ
1437 1551 1501 1592 τῆς
1513 1552 1631 1591 νίκης.

209 1601 312 1641 gisch.
337 1619 380 1622 —
404 1600 484 1631 alibi
499 1614 543 1625 Ξ
565 1599 599 1630 in
622 1598 690 1630 alz'a
715 1598 805 1639 (ulla)
831 1609 879 1639 re,

208 1657 234 1678 s.
258 1646 285 1685 1,
304 1645 359 1684 47,
378 1644 412 1676 3:
430 1646 516 1677 istic.

255 1683 438 1731 36-38,
457 1690 489 1721 5.
508 1688 880 1721 Friedensunterhand-

208 1736 341 1776 lungen,
360 1745 386 1766 s.
404 1736 455 1766 die
475 1734 604 1766 Stellen
623 1745 663 1765 zu
682 1744 709 1765 c.
729 1732 783 1764 32.

257 1780 366 1811 1—2.
397 1781 579 1822 confestim
599 1789 634 1819 a,
665 1779 758 1810 Suet.
784 1778 879 1809 Caes.

209 1826 266 1857 85:
291 1828 409 1857 statim
431 1836 451 1857 α
469 1826 607 1867 fauere.
633 1843 676 1847 —
695 1823 881 1867 direptisq„

209 1882 235 1902 s.
256 1870 309 1911 23,
332 1871 358 1912 1,
381 1872 408 1902 1.
427 1890 466 1893 ——
487 1869 639 1902 admare
652 1880 683 1901 a.
698 1880 744 1908 n„
760 1868 881 1912 22,19,

210 1917 239 1955 7,
260 1926 295 1947 es
325 1916 395 1947 sind
419 1916 485 1947 wol
509 1916 559 1946 die
586 1917 702 1947 eastra
726 1914 882 1946 Cornelia

208 1961 364 2002 gemeint,
390 1972 416 1992 s.
440 1961 499 2000 29,
524 1959 584 1999 35,
606 1959 658 1991 13.
676 1978 720 1982 —
737 1959 881 2001 Lentnl„

210 2017 236 2037 s.
267 2017 294 2037 c.
318 2006 377 2047 24,
401 2006 437 2046 5,
457 2006 514 2036 das
545 2006 714 2047 imperium
746 2006 790 2037 ist
817 2005 881 2036 ihm

209 2051 415 2091 verliingert,
435 2061 462 2082 s.
481 2061 509 2081 c.
527 2050 579 2090 4l,
598 2049 616 2080 2
636 2061 667 2081 u.
683 2050 736 2089 27,
755 2050 784 2092 9,
802 2049 882 2081 aber

210 2096 261 2127 die
288 2095 526 2135 Verstiirkung
559 2096 618 2126 der
646 2095 759 2126 Flotte
794 2095 882 2126 nicht

211 2141 364 2172 erwiihnt
386 2141 538 2181 worden,
562 2141 630 2180 vgl.
655 2141 736 2171 auch
754 2140 807 2181 29,
828 2139 881 2179 38,

211 2187 242 2217 4.
277 2204 319 2208 —
351 2197 427 2218 eum
460 2187 589 2227 quinq„
627 2190 726 2217 unter
758 2185 883 2217 seinem

213 2230 426 2271 commando,
451 2232 508 2262 das
534 2231 612 2270 folg.
635 2241 711 2262 cum
734 2231 881 2271 dagegen

212 2277 487 2315 untergeordnet:
512 2276 650 2307 beladen
669 2277 740 2317 mit,
759 2286 784 2307 s.
803 2275 824 2317 ξ
845 2276 881 2315 13

214 2331 240 2351 c.
258 2320 309 2361 24,
329 2321 358 2352 5.

259 2366 369 2397 3—4.
395 2367 502 2406 ‘igilur
527 2367 565 2397 da
591 2367 683 2397 seine
708 2365 820 2397 Flotte
845 2375 880 2396 so

213 2410 384 2441 verstiirkt
401 2421 482 2451 war,
501 2411 577 2442 dass
596 2422 633 2442 er
650 2412 722 2442 eine
739 2411 881 2442 Blokade

212 2456 590 2497 unternohmenkonnte,
605 2467 680 2487 s.zu
692 2456 782 2496 c.29,
801 2456 882 2487 1.—

213 2509 286 2530 eum
306 2502 379 2531 vict.
398 2512 495 2540 mm„
520 2502 583 2531 wie
602 2500 653 2541 34,
671 2502 724 2540 30,
743 2503 778 2532 4:
805 2511 881 2533 cum

214 2544 397 2584 mandatis,
416 2546 663 2584 gewolinliclier
681 2547 723 2577 ist
740 2549 880 2578 multius

217 2588 408 2628 Apposition
434 2591 493 2620 der
515 2590 653 2621 Persou.
672 2592 754 2633 App.
774 2602 801 2622 c.
821 2590 878 2622 48:

212 2635 369 2674 χρυσίου
408 2631 442 2664 ‹5’
483 2634 517 2670 ἐς
547 2632 689 2678 Ῥώμην
722 2632 882 2669 τάλαντα

216 2673 303 2706 δέκα
332 2678 387 2708 καὶ
420 2675 598 2721 ἀργυρίου
629 2679 793 2722 δισχίλια
822 2680 881 2712 καὶ

952 1616 997 1620 ——
1013 1600 1172 1638 veterem,
1191 1608 1217 1629 s.
1236 1598 1289 1638 29,
1305 1597 1357 1636 25,
1375 1596 1426 1627 10.
1440 1615 1484 1618 —
1500 1595 1626 1635 Oetaea,

953 1653 990 1674 er
1007 1641 1166 1683 befehligt
1183 1652 1274 1673 zwar
1292 1643 1342 1673 die
1361 1641 1486 1681 Flotte,
1511 1641 1578 1681 vgl.
1598 1651 1625 1672 c.

953 1687 1013 1727 24,
1039 1688 1076 1726 63
1104 1688 1157 1727 27,
1176 1688 1213 1726 93
1240 1687 1294 1727 41,
1314 1688 1344 1727 7,
1365 1686 1428 1717 soll
1445 1686 1526 1717 aber
1544 1686 1624 1717 nach

954 1733 1082 1774 Appian
1102 1743 1129 1764 c.
1149 1733 1191 1763 44
1217 1733 1316 1763 sehon
1340 1733 1371 1763 in
1395 1733 1454 1763 der
1471 1731 1627 1762 Schlacht

955 1779 1016 1809 den
1044 1778 1155 1809 linken
1172 1777 1291 1818 Fliigel
1316 1778 1375 1809 der
1392 1776 1511 1808 Ro'mer
1534 1787 1626 1808 com-

954 1824 1097 1855 mandit-t
1125 1823 1240 1854 haben.
1265 1841 1310 1861 ÷—
1331 1823 1440 1854 velata
1459 1822 1540 1864 inf„
1572 1821 1626 1861 25,

956 1868 1008 1908 25,
1029 1868 1059 1900 6.
1077 1886 1121 1891 -—
1138 1868 1268 1907 decem,
1294 1879 1320 1899 s.
1341 1879 1367 1899 c.
1388 1867 1441 1907 29,
1461 1867 1497 1905 73
1527 1868 1627 1907 dage-

955 1924 1018 1954 geu
1042 1913 1062 1956 ξ
1082 1916 1100 1943 9
1120 1914 1183 1945 wie
1201 1924 1235 1953 p.
1264 1913 1313 1955 16,
1337 1912 1367 1944 3.
1385 1931 1431 1935 -
1446 1914 1624 1956 prz'ncz‘peS,

956 1962 1039 2001 App.
1058 1970 1086 1990 e.
1105 1959 1163 1990 49:
1189 1955 1238 1991 ὧν
1254 1956 1413 2001 ἡγοῦντο
1433 1955 1571 1990 Ἄννων
1588 1967 1626 1989 τε

954 2001 972 2035 ὁ
992 2004 1109 2047 μέγας
1125 2001 1333 2056 λεγόμενος,
1352 2014 1378 2036 8.
1398 2003 1450 2044 21,
1466 2002 1496 2042 3,
1514 2002 1545 2043 3,
1565 2002 1624 2034 καὶ

957 2046 1182 2094 Ἀσδρούβας
1198 2061 1216 2080 ο
1237 2047 1377 2092 ἔριφος.

1001 2094 1111 2125 5—6.
1136 2094 1265 2132 velam„
1284 2093 1336 2134 24,
1355 2092 1406 2133 30,
1428 2093 1478 2131 14,
1496 2109 1540 2115 ——
1558 2091 1624 2135 Ty-

954 2142 1080 2178 netem,
1099 2150 1125 2170 s.
1146 2150 1174 2170 c.
1193 2139 1224 2178 9,
1247 2139 1297 2169 10.
1314 2157 1354 2160 —
1375 2138 1420 2170 ad
1436 2140 1539 2178 cont„
1565 2138 1623 2168 ob-

956 2185 1061 2224 gleich
1092 2195 1129 2215 er
1152 2183 1315 2223 Carthago
1346 2184 1445 2215 sehon
1471 2182 1623 2214 ziemlicli

955 2230 1037 2260 nahe
1064 2229 1257 2269 gekommen
1288 2230 1346 2268 ist,
1377 2239 1402 2260 s,
1427 2229 1444 2269 ξ
1470 2228 1505 2259 4:
1534 2227 1626 2259 haud

952 2274 1087 2318 procul,
1107 2275 1234 2314 segelte
1253 2285 1290 2305 er
1307 2275 1388 2305 doch
1407 2274 1488 2305 noch
1506 2273 1626 2304 weiter

954 2331 1033 2360 vor,
1059 2320 1331 2351 wahrsclieinlicli
1350 2319 1399 2350 bis
1416 2329 1455 2350 an
1476 2319 1537 2349 den
1557 2317 1624 2349 Ha-

955 2363 1026 2403 fen3
1047 2365 1233 2408 contempl„
1252 2375 1304 2396 uin
1323 2365 1392 2395 sich
1408 2375 1447 2395 an
1467 2365 1540 2395 dem
1554 2363 1623 2394 An—

955 2410 1063 2441 blieke
1082 2421 1123 2442 zu
1141 2411 1287 2448 weiden3
1311 2409 1471 2441 noa-cende?
1486 2420 1517 2439 n.
1537 2419 1622 2449 eum,

954 2466 1005 2486 um
1024 2456 1070 2486 sie
1089 2455 1142 2487 fiir
1161 2456 1251 2487 seine
1271 2455 1426 2491 Zwecke,
1446 2455 1539 2484 einen
1555 2454 1622 2484 An-

953 2501 1038 2541 griff,
1055 2501 1182 2532 kennen
1199 2512 1240 2531 zu
1254 2501 1387 2537 lernen3
1404 2498 1622 2542 deprimendi,

954 2557 979 2577 s.
999 2546 1049 2586 37,
1070 2546 1122 2586 53,
1138 2546 1172 2577 G:
1191 2546 1276 2577 alios
1293 2547 1433 2576 nimiam
1451 2544 1621 2587 deprima—

955 2593 997 2621 tis
1022 2602 1067 2622 em
1085 2593 1184 2622 sociis
1208 2610 1249 2613 —
1267 2590 1351 2622 alios
1375 2589 1559 2621 emtollatis.
1577 2606 1622 2610 ——

951 2640 1148 2678 provectus,
1167 2636 1207 2667 ob
1226 2636 1334 2667 dieses
1352 2635 1431 2665 oder
1449 2635 1501 2665 ein
1519 2634 1620 2665 ande-

954 2691 1008 2712 res
1029 2680 1129 2713 Wort
1147 2682 1227 2712 oder
1245 2681 1325 2711 noch
1344 2680 1436 2711 mehr
1453 2677 1620 2719 ausgefal-

1655 857 1696 890 10

1651 1141 1693 1172 15

1653 1423 1695 1455 20
