1784 2967
45 872 85 904 10

47 1160 85 1191 15

45 1437 86 1469 20

113 273 139 290 a.
155 264 208 291 Ch.
225 265 285 289 214.

580 255 705 288 LIBER
723 255 850 288 XXIV.
883 256 976 289 CAP.
994 257 1048 289 38.

1462 257 1512 298 81

114 357 192 397 sint
220 370 288 409 per
314 358 388 397 hos
417 358 510 397 dies.
558 370 641 397 eam
674 369 743 396 vos
770 357 944 396 fraudem
975 358 1086 397 deum
1116 359 1242 410 primo
1270 359 1514 409 benignitate,
1543 377 1563 408 2

115 414 203 452 dein
230 419 354 453 vestra
384 415 458 465 ipsi
486 414 624 453 virtute
652 413 733 452 dies
763 418 975 465 noctesque
997 416 1206 465 perstando
1224 428 1267 454 ac
1287 415 1517 467 pervigilan-

115 471 164 509 do
186 470 225 509 in
248 472 365 509 armis
387 471 546 510 vitastis.
586 471 732 510 utinam
756 470 912 509 relicum
933 475 1086 521 tempus
1103 483 1174 510 nec
1189 472 1370 523 patiendo
1387 472 1515 511 infan-

116 528 161 566 da
183 539 254 566 nec
275 527 450 566 faciendo
472 527 618 566 traduci
640 525 792 578 posset!
815 527 910 565 haec
931 527 1077 565 occulta
1099 528 1136 566 in
1152 528 1287 566 fraude
1305 528 1428 567 cautio
1446 533 1516 577 est,
1545 544 1564 575 3

117 595 190 635 qua
208 584 266 622 usi
284 584 409 623 adhuc
425 596 581 631 sumus3
600 583 658 622 cui
677 582 858 634 quoniam
876 596 1014 634 parum
1029 584 1210 631 succedit,
1226 590 1356 635 aperte
1368 597 1516 636 acpro—

115 640 238 691 palam
263 641 383 679 claves
404 645 603 691 portarum
626 645 857 691 reposcunt,
879 652 974 691 quas
993 639 1107 678 simul
1123 640 1403 687 tradiderimus,
1425 642 1516 680 Car-

116 696 415 747 thaginiensium
439 697 629 748 extemplo
647 697 780 735 Henna
802 696 884 743 erit,
907 696 1139 748 foediusque
1160 696 1222 735 hic
1240 697 1517 736 trucidabimur

115 765 228 804 quam
250 753 484 804 Murgantiae
504 753 741 805 praesidium
763 753 1006 792 interfectum
1031 758 1101 791 est.
1141 758 1295 791 noctem
1320 765 1433 791 unam
1453 767 1515 792 ae·
1546 773 1565 804 4

114 821 180 859 gre
201 809 248 848 ad
271 810 568 849 consultandum
592 809 754 860 sumpsi,
777 822 850 861 qua
871 822 940 848 vos
963 809 1146 848 certiores
1163 809 1320 860 periculi
1338 809 1516 848 instantis

113 866 291 906 facerem.
333 871 413 905 orta
435 866 519 905 luce
541 866 765 905 contionem
786 866 952 905 babituri
976 870 1065 904 sunt
1087 866 1131 904 ad
1155 865 1436 905 criminandum
1455 878 1518 904 me

113 923 465 974 concitandumque
486 923 525 962 in
548 936 616 961 vos
640 923 839 974 populum.
881 923 1007 973 itaque
1031 922 1198 961 crastino
1222 923 1281 961 die
1303 927 1367 961 aut
1387 927 1516 961 vestro
1547 944 1565 974 5

113 984 178 1018 aut
198 979 462 1018 Hennensium
492 979 676 1030 sanguine
696 979 827 1018 Henna
850 978 1111 1017 inundabitur.
1153 990 1225 1017 nec
1244 978 1518 1030 praeoccupati

114 1047 225 1086 spem
253 1036 367 1074 ullam
397 1049 467 1075 nec
495 1042 729 1088 occupantes
756 1035 913 1087 periculi
951 1035 1157 1086 quicquam
1194 1035 1395 1074 habebitis.

1453 1035 1518 1086 qui

114 1093 222 1143 prior
249 1092 445 1131 strinxerit
470 1093 634 1139 ferrum,
670 1092 751 1131 eius
778 1092 936 1130 victoria
965 1091 1048 1130 erit.
1096 1091 1231 1130 intenti
1259 1104 1350 1142 ergo
1381 1104 1518 1130 omnes

114 1149 323 1200 armatique
350 1149 503 1200 signum
530 1149 790 1200 expectabitis.
831 1160 901 1198 ego
931 1148 969 1186 in
998 1147 1179 1186 contione
1202 1161 1268 1187 ero
1292 1153 1329 1186 et
1349 1154 1516 1199 tempus,

114 1205 238 1256 quoad
258 1206 386 1244 omnia
403 1207 590 1245 instructa
608 1205 696 1252 sint,
713 1205 907 1255 loquendo
921 1204 1394 1255 altercandoquetraham.
1428 1217 1515 1244 cum

92 1289 95 1292 ψ
114 1267 199 1311 toga
223 1261 375 1312 signum
399 1263 561 1309 dedero,
589 1267 672 1300 tum
695 1261 790 1300 mihi
812 1261 981 1312 undique
1004 1261 1169 1300 clamore
1191 1261 1340 1300 sublato
1363 1261 1517 1300 turbam

113 1317 279 1356 invadite
299 1331 344 1357 ac
361 1318 520 1357 sternite
538 1319 666 1357 omnia
683 1318 800 1362 ferro,
823 1323 859 1356 et
876 1323 1005 1357 cavete
1023 1318 1225 1369 quicquam
1245 1318 1426 1369 supersit,
1451 1330 1519 1356 cu-

115 1374 173 1413 ius
197 1379 262 1413 aut
283 1375 340 1413 vis
362 1380 426 1413 aut
445 1375 551 1414 fraus
573 1375 698 1414 timeri
721 1375 861 1426 possit.
904 1387 984 1420 vos,
1009 1374 1124 1413 Ceres
1148 1380 1270 1413 mater
1291 1388 1333 1413 ac
1353 1376 1519 1414 Proser-
1556 1390 1568 1401 π

115 1431 218 1483 pina,
239 1444 390 1482 precor,
414 1432 529 1471 ceteri
552 1432 683 1484 superi
704 1431 918 1483 infernique
940 1431 989 1478 di,
1012 1431 1074 1482 qui
1097 1431 1196 1470 hanc
1211 1431 1347 1470 urbem
1366 1431 1438 1469 hos
1459 1443 1522 1469 sa-

116 1564 142 1586 s.
161 1554 191 1593 4,
211 1554 264 1595 40,
284 1554 314 1586 6.
331 1574 374 1578 —
391 1566 476 1594 eam,
500 1556 573 1587 eine
594 1556 779 1596 Hinterlist,

115 1599 166 1630 die
184 1600 314 1632 solches
338 1600 488 1641 Ungliick
512 1601 592 1633 iiber
621 1602 702 1633 euch
724 1611 780 1642 ge-

115 1644 231 1676 bracht
256 1645 357 1676 haben
381 1647 507 1678 wiirde.
526 1665 570 1669 —
587 1647 686 1679 deum
706 1651 781 1685 ete„

117 1690 181 1731 vgl.
207 1689 236 1730 1,
255 1689 307 1730 28,
332 1691 362 1723 4.
388 1691 585 1735 perstando,
618 1692 700 1723 iiber
724 1692 782 1722 das

117 1734 263 1767 Gerund.
281 1736 331 1767 als
350 1737 546 1778 Apposition
570 1748 596 1769 s.
618 1737 670 1776 22,
689 1736 718 1778 S,
743 1738 780 1775 ὃς

117 1780 199 1811 iiber
218 1781 278 1811 den
302 1781 477 1813 Ausdruek
500 1782 531 1822 9,
556 1782 608 1821 32,
635 1782 669 1813 3:
696 1782 784 1813 diem

118 1827 267 1868 primum
290 1826 509 1858 consultando
542 1845 586 1850 —
620 1827 787 1859 tradama-

122 1875 220 1907 ruut,·
244 1869 297 1910 34,
317 1871 367 1912 51,
387 1872 422 1902 5:
446 1874 560 1913 gentis
577 1882 636 1903 nec
654 1873 790 1903 comitia

120 1925 179 1946 nec
197 1919 394 1947 com-enixum
413 1935 456 1939 —-
480 1927 544 1948 ηοη
569 1928 629 1959 per·
652 1917 789 1949 seditio-

121 1970 198 1991 nem
229 1978 273 1982 —
302 1961 519 1993 traduceretis.
561 1962 609 1993 Zu
639 1962 789 2005 patienti.

117 2005 188 2046 fac.
207 2004 235 2046 2,
254 2005 304 2046 12,
322 2006 376 2037 10:
403 2009 435 2038 et
447 2010 522 2050 pati
535 2008 791 2050 etsaeeresor-

124 2052 172 2082 tia
187 2050 376 2083 Romanum
396 2055 457 2084 est.

170 2140 269 2172 3-5.
295 2142 375 2173 haec
398 2144 521 2182 cautio,
549 2154 611 2174 nur
633 2154 669 2175 so
694 2144 735 2174 ist
758 2153 793 2173 es

125 2186 265 2225 moglich
294 2197 355 2218 uns
385 2188 495 2220 sicher
522 2200 563 2220 zu
592 2189 731 2227 stellen,
758 2198 793 2219 es

125 2231 215 2271 giebt
233 2242 294 2262 nur
311 2243 340 2264 u.
355 2243 381 2263 s.
400 2243 452 2275 w.,
469 2234 573 2265 bildet
589 2235 649 2265 den
666 2233 795 2266 Ueber-

125 2286 210 2316 gang
242 2287 314 2308 zum
347 2277 441 2319 Folg.
480 2298 523 2302 —
552 2281 606 2311 eui
636 2280 714 2320 geht
742 2276 801 2310 auf

115 2321 260 2363 fraude,
280 2332 306 2353 s.
326 2333 352 2353 c.
376 2323 426 2363 19,
445 2323 482 2363 63
508 2323 560 2363 38,
582 2324 635 2365 25,
651 2324 686 2356 8:
718 2334 793 2356 suc-

127 2368 426 2409 cessissetsraudi.
442 2387 486 2392 —
502 2380 606 2411 aegre
618 2388 662 2392 ——
676 2380 796 2412 sump„

130 2412 179 2443 ich
195 2412 276 2443 habe
290 2413 352 2444 mir
369 2414 472 2453 geben
491 2414 612 2454 lassen,
636 2415 717 2446 aber
735 2425 798 2445 nur

128 2457 186 2488 mit
204 2456 301 2489 Miihe
319 2459 461 2499 erlangt,
485 2470 510 2490 s.
529 2460 558 2502 2,
581 2460 611 2498 4,
642 2460 676 2491 3:
717 2470 796 2502 spa-

130 2504 213 2534 tium
231 2508 461 2547 sumpserim&
479 2523 524 2527 -—
541 2506 686 2537 cantion.
707 2504 797 2545 c.37,

133 2547 187 2578 11:
207 2550 391 2590 concilium,
414 2561 439 2580 S.
459 2550 511 2589 34,
526 2550 556 2589 2,
572 2551 602 2589 4,
621 2551 704 2582 danii
720 2560 798 2581 con-

134 2594 189 2631 tio,
224 2604 249 2624 S.
270 2593 300 2633 2,
328 2595 357 2633 7,
383 2596 412 2625 7.
443 2614 483 2617 ——
516 2606 680 2639 praefice„
705 2606 798 2626 wenn

131 2648 202 2668 inan
239 2640 321 2670 cuch
360 2641 599 2672 zuvorkonunt.
630 2660 674 2664 —
705 2651 801 2684 spem

133 2682 198 2725 ull„
218 2684 275 2715 das
293 2685 447 2717 handsoh.
473 2686 658 2729 spec-ulium
676 2686 799 2717 ko'nnte

204 2735 285 2762 Titus
305 2737 397 2765 livius·
420 2739 451 2766 V.

852 1555 933 1586 auch
964 1554 1174 1598 praesidium
1209 1555 1289 1586 oder
1314 1555 1394 1586 nach
1424 1553 1523 1586 Crev.

852 1601 1052 1643 perfugium
1067 1601 1149 1631 sein.
1172 1617 1216 1623 ·—
1235 1610 1357 1642 occup„
1376 1610 1402 1631 s.
1422 1599 1451 1640 1,
1474 1598 1522 1640 14,

854 1646 884 1683 4,
899 1645 1102 1685 gewo'hnlich
1117 1646 1173 1677 mit
1189 1645 1294 1677 ciuem
1307 1644 1440 1685 Infinit.,
1453 1644 1526 1676 hier

854 1691 997 1733 absolut,
1014 1690 1096 1722 wird
1115 1692 1157 1722 im
1176 1690 1270 1731 Folg.
1289 1690 1428 1722 erkl'zirt.

904 1735 1013 1767 6-8,
1047 1739 1145 1778 toga,
1170 1746 1196 1767 s.
1216 1736 1268 1775 22,
1288 1736 1340 1775 54,
1361 1735 1391 1774 2,
1409 1735 1476 1776 vgl.
1495 1734 1528 1776 9,

859 1780 912 1819 25,
928 1781 958 1811 7.
972 1799 1017 1803 —
1038 1783 1224 1823 quicquam,
1243 1783 1349 1822 euius,
1368 1781 1425 1812 das
1444 1780 1525 1812 nach

862 1827 974 1857 omnia
998 1826 1086 1857 nicht
1114 1826 1328 1866 auffallende,
1358 1826 1525 1865 verallge-

862 1871 1050 1902 meinernde
1082 1870 1257 1914 Neutrum,
1297 1881 1323 1902 s.
1356 1882 1383 1903 c.
1409 1870 1468 1911 30,
1492 1870 1524 1911 4,

864 1916 986 1947 konnte
1012 1917 1091 1947 auch
1116 1917 1157 1947 im
1182 1916 1388 1947 Relativsatz
1413 1916 1527 1947 heibe-

864 1962 973 1993 haiten
993 1962 1143 2000 werden,
1167 1961 1220 2002 28,
1239 1961 1292 2003 22,
1313 1962 1347 1993 9:
1372 1961 1456 1993 m'ln'l
1474 1971 1528 1993 re-

864 2007 1066 2048 lt'nquere7zz'·,
1093 2006 1182 2048 quod
1204 2011 1268 2038 etc.
1294 2025 1337 2029 ——
1370 2017 1427 2038 vos
1453 2011 1528 2046 etc.⁷

866 2052 918 2083 die
937 2050 1021 2083 That
1039 2052 1122 2083 wird
1148 2062 1184 2082 so
1210 2062 1273 2083 von
1299 2052 1358 2083 der
1381 2051 1530 2083 ZustIm—

866 2106 964 2137 mung
993 2097 1053 2128 der
1082 2096 1203 2129 Giitter
1236 2097 1341 2128 selbst
1369 2097 1530 2136 abhiingig

866 2143 1033 2183 gemacht,
1059 2143 1123 2173 uud
1147 2143 1186 2173 da
1205 2143 1295 2173 diese
1314 2141 1452 2182 erfolgt,
1478 2142 1529 2172 die

869 2187 1101 2219 Grausamkeit
1115 2188 1348 2220 entschuldiut.
1362 2206 1405 2209 —
1421 2186 1529 2226 Ceres,

868 2233 933 2264 Cic..
952 2232 1050 2265 Verr.
1075 2233 1110 2273 4,
1132 2233 1191 2271 49,
1212 2232 1291 2263 107:
1318 2234 1407 2264 Μῖνα
1429 2242 1529 2273 quae-

868 2278 945 2310 dam
965 2281 1035 2310 tola
1047 2277 1160 2310 Sice'lz'a
1174 2280 1328 2321 pri'z'alz'm
1347 2288 1385 2308 ac
1400 2276 1532 2319 publice

869 2324 989 2365 religio
1013 2327 1065 2355 est
1089 2324 1220 2355 Cereris
1244 2323 1444 2360 Hennensis,
1473 2330 1531 2352 uec

869 2369 977 2401 solum
994 2368 1112 2410 Siculi,
1137 2379 1252 2400 verum
1278 2369 1378 2399 eiiam
1403 2369 1532 2397 ceterae

865 2417 986 2457 gentes
1014 2415 1221 2446 Hennensem.
1250 2413 1401 2444 Cererem
1434 2413 1533 2443 um'ce

870 2460 990 2491 (vlunt.
1010 2478 1052 2482 —
1078 2460 1135 2491 Iac.
1156 2459 1234 2495 lue,
1254 2457 1485 2494 Allitoration,
1505 2466 1531 2487 s.

874 2505 901 2543 1,
925 2505 974 2543 12,
991 2506 1020 2535 5.
1047 2504 1115 2535 Zur
1134 2504 1236 2535 Sache
1255 2503 1321 2533 Cic.
1341 2503 1397 2533 1.1.
1416 2501 1436 2544 ξ
1454 2502 1532 2533 107:

872 2561 972 2592 quam
988 2550 1181 2592 (plum’liem)
1192 2551 1279 2579 circa
1297 2548 1390 2579 larus
1407 2547 1535 2589 luc-ique

871 2598 953 2627 sunt
971 2596 1110 2638 plurimi
1124 2597 1222 2635 alque.
1240 2592 1534 2635 laelt'.s·.s·1'nu'flores

874 2643 966 2672 omni
996 2643 1146 2682 tempore
1174 2640 1263 2670 amri.
1289 2656 1332 2661 -ε
1363 2639 1534 2679 1“]ζ[“εγ·111’ᾳ.,

872 2686 945 2716 bier
973 2685 1154 2716 besonders
1183 2684 1292 2724 Pluto,
1323 2683 1388 2723 vgl.
1418 2694 1456 2714 zu
1482 2684 1534 2714 ’ἰη-

1246 2740 1265 2770 (3
