1784 2967
43 855 81 886 lt)

40 1136 78 1166 15

35 1416 75 1446 20

527 235 652 268 LIBER
677 234 818 267 XXVII.
860 234 952 267 CAP.
972 235 1024 266 30.
1053 236 1106 268 31.
1464 237 1516 277 79

121 254 147 272 a..
163 246 216 272 Ch.
229 245 290 270 208.

114 338 321 378 habentem
344 337 544 388 quieturos
567 337 744 383 Aetolos,
769 336 836 374 sed
856 341 900 374 ut
922 338 1049 376 omnis
1073 337 1201 376 socios
1224 338 1335 377 testis
1357 338 1517 377 haberet

114 407 155 434 se
176 394 301 445 pacis,
323 394 407 433 illos
429 394 515 433 belli
539 406 693 433 causam
715 392 924 443 quaesisse.
965 393 1014 431 ita
1036 394 1172 433 infecta
1195 407 1288 445 pace
1311 394 1515 434 concilium

113 451 260 490 dimisit
271 455 450 501 quattuor
462 450 618 489 milibus
631 454 870 488 armatorum
883 449 1022 487 relictis
1035 451 1080 489 ad
1098 451 1331 501 praesidium
1342 451 1516 490 Achaeo-

113 520 200 547 rum
222 512 259 546 et
280 507 447 558 quinque
467 506 592 555 longis
613 505 773 544 navibus
795 505 972 556 acceptis,
997 519 1091 557 quas
1108 507 1139 545 si
1156 507 1356 546 adiecisset
1372 507 1516 546 missae

113 576 240 615 nuper
268 564 313 602 ad
337 576 378 602 se
400 562 512 602 classi
533 562 904 612 Carthaginiensium
927 567 1022 600 etex
1045 562 1219 614 Bithynia
1242 564 1287 602 ab
1305 576 1394 614 rege
1415 564 1514 603 Pru-

114 621 170 659 sia
192 620 434 658 venientibus
455 618 627 665 navibus,
651 623 836 658 statuerat
857 618 977 656 navali
998 619 1145 669 proelio
1167 619 1353 658 lacessere
1369 621 1514 659 Roma-

112 689 186 716 nos
217 676 293 715 iam
321 676 394 727 diu
415 676 453 714 in
483 676 638 725 regione
666 688 709 714 ea
732 674 900 725 potentis
922 676 1052 713 maris.
1098 676 1183 726 ipse
1205 676 1250 714 ab
1277 689 1321 714 eo
1351 677 1512 715 concilio

110 733 233 783 Argos
261 744 483 782 regressus,
512 731 586 770 iam
609 731 712 770 enim
736 731 971 770 Nemeorum
994 732 1199 783 adpetebat
1219 737 1389 783 tempus,
1419 745 1513 783 quae

111 788 301 828 celebrale
322 789 471 827 volebat
491 788 707 839 praesentia
730 800 810 826 sua.

1545 401 1584 433 15

1546 513 1585 545 16

1545 684 1584 715 17

224 844 420 896 Occupato
443 856 507 895 leg
499 858 531 882 e
551 849 733 895 apparatu
756 843 936 883 ludmum
958 849 994 882 et
1015 857 1083 894 pei
1100 844 1180 882 dies
1196 844 1317 883 festos
1335 845 1509 883 licentius
1539 847 1590 887 31

109 913 224 952 quam
260 901 359 940 inter
394 875 507 940 belliD
508 906 683 952 tempora
719 900 939 939 remittente
968 900 1140 938 animum
1169 901 1210 939 P.
1242 901 1438 951 Sulpicius
1467 901 1513 940 ab

107 957 305 1007 Naupacto
324 958 520 1008 profectus
544 957 704 995 classem
724 957 870 1007 adpulit
885 957 984 995 inter
1001 957 1203 1007 Sicyonem
1222 962 1259 995 et
1275 956 1513 1004 Corinthum,

106 1013 419 1064 felicissimaeque
459 1025 596 1064 (tyrum
622 1013 828 1051 fertilitatis
860 1013 981 1051 effuse
1013 1013 1182 1051 vastavit.
1222 1013 1321 1051 fama
1351 1013 1431 1051 eius
1460 1014 1513 1051 rei

107 1069 329 1120 Philippum
367 1069 412 1108 ab
440 1069 538 1108 ludis
569 1070 720 1117 excivit3
755 1069 974 1120 raptimque
1002 1082 1088 1107 cum
1116 1069 1286 1119 equitatu
1314 1069 1511 1119 profectus

112 1126 230 1164 iussis
267 1126 451 1176 subsequi
487 1125 680 1176 peditibus
716 1125 864 1175 palatos
902 1125 1044 1176 passim
1075 1138 1141 1176 per
1167 1138 1280 1175 agros
1311 1125 1515 1176 gravisque

106 1183 267 1232 praeda,
298 1187 340 1220 ut
362 1183 426 1232 qui
449 1181 543 1220 nihil
565 1182 636 1220 tale
658 1186 890 1227 metuerent,
921 1181 1080 1220 adortus
1103 1181 1302 1219 Romanos
1327 1182 1514 1232 compulit

105 1238 144 1276 in
166 1250 293 1276 naves.
336 1238 470 1276 classis
493 1239 666 1276 Romana
687 1238 981 1288 haudquaquam
1004 1238 1098 1276 laeta
1115 1238 1257 1288 praeda
1274 1238 1512 1288 Naupactum

104 1293 227 1332 rediit.
269 1294 448 1344 Philippo
470 1294 650 1332 ludorum
673 1306 841 1344 quoque,
863 1294 925 1344 qui
948 1294 1082 1344 reliqui
1111 1299 1230 1339 erant,
1253 1294 1511 1332 celebritatem

105 1355 457 1400 quantaecumque,
487 1350 533 1387 de
551 1350 736 1388 Romanis
758 1355 899 1395 tamen,
922 1350 1101 1388 victoriae
1123 1356 1252 1400 partae
1272 1350 1372 1389 fama
1394 1363 1509 1388 auxe—

105 1410 176 1453 rat,
199 1406 415 1456 laetitiaque
437 1406 581 1456 ingenti
603 1406 780 1444 celebrati
796 1406 883 1444 festi
906 1406 1007 1452 dies,
1037 1419 1081 1444 eo
1105 1407 1227 1457 magis
1251 1406 1383 1451 etiam,
1407 1407 1509 1456 quod

103 1462 343 1513 populariter
365 1463 522 1513 dempto
554 1462 687 1513 capitis
715 1462 853 1512 insigni
886 1474 1132 1513 purpuraque
1161 1468 1275 1512 atque
1305 1462 1376 1500 alio
1406 1463 1510 1513 regio

842 1619 909 1658 vgl.
929 1618 988 1659 26,
1008 1618 1066 1657 39,
1082 1619 1119 1657 93
1139 1618 1198 1657 29,
1219 1618 1452 1657 35,1:mn·es
1468 1637 1511 1641 —

152 1619 305 1650 15—17.
333 1618 473 1660 divn'sit,
492 1629 529 1650 er
546 1620 602 1650 hat
618 1619 688 1650 also
708 1620 768 1650 den

841 1664 930 1695 velut
953 1666 1138 1700 ominatae,
1163 1662 1221 1701 28,
1247 1663 1306 1702 30,
1333 1664 1369 1701 ὓς
1398 1663 1455 1702 10,
1480 1663 1510 1703 2,

103 1664 238 1696 Vorsitz
262 1662 405 1703 geffiihrt.
428 1682 472 1686 —
494 1667 599 1706 quatt.
622 1675 667 1695 m.
693 1669 768 1704 etc„

102 1710 183 1740 nach
210 1708 231 1750 ξ
249 1708 268 1739 8
295 1709 336 1739 ist
359 1719 396 1739 er
417 1709 642 1748 mit.wenigen
661 1708 768 1750 Trup-

102 1764 162 1795 pen
177 1753 372 1793 angelangt3
388 1754 510 1784 andere
525 1754 595 1785 sind
611 1754 673 1784 ihm
684 1754 767 1785 viel-

100 1799 203 1830 leicht
226 1798 512 1838 nachgekommen.
538 1817 580 1820 —
599 1809 721 1841 nuper,
741 1808 768 1830 S.

102 1854 129 1874 c.
143 1843 194 1883 15,
204 1844 233 1874 7.
248 1861 294 1865 ——
307 1843 443 1880 Prusia,
455 1843 620 1885 Philippus
633 1843 768 1875 Schwa—

101 1898 160 1928 ger
177 1889 241 1919 und
259 1887 491 1919 Verbiindeter
509 1888 568 1927 28,
583 1888 618 1926 73
638 1888 692 1929 29,
711 1888 767 1927 123

102 1933 155 1971 32,
173 1933 227 1964 34.
243 1951 287 1955 —
304 1935 371 1964 iam
390 1932 432 1971 d„
451 1933 514 1964 seit
532 1933 608 1965 211.
621 1951 666 1956 —
678 1935 711 1964 in
731 1944 770 1965 ea

101 1989 192 2020 regn,
216 1978 287 2009 dem
312 1977 508 2009 Meerbusen
532 1989 596 2009 von
621 1978 768 2010 Corinth.

99 2042 137 2046 -
159 2021 377 2063 Nemeorum,
400 2023 672 2054 wahrscheinlich
697 2023 768 2054 sind

100 2069 152 2100 die
161 2068 444 2100 Sommernemeen
459 2067 523 2099 209
532 2079 560 2099 a.
570 2068 626 2099 Ch.
637 2068 767 2110 Olyinp.

101 2112 180 2152 142,
199 2113 235 2152 4,
254 2123 280 2144 s.
300 2112 320 2154 ξ
342 2113 373 2153 1,
392 2113 551 2153 gemeint,
578 2112 643 2153 vgl.
663 2113 717 2153 23,
737 2113 766 2153 7,

102 2157 160 2198 14,
178 2157 368 2188 Merlecker
386 2158 517 2189 Achaio.
531 2157 607 2190 225.
624 2176 659 2180 —-
685 2157 767 2190 cele-

101 2203 211 2240 brare,
229 2202 435 2233 zahlreichen
453 2202 576 2234 Besuch
591 2203 765 2234 derselben

100 2247 328 2279 veranlassen.

146 2286 215 2324 31.
238 2292 332 2323 1—2.
347 2293 435 2324 inter
448 2293 476 2323 b.
492 2295 580 2332 tem„
596 2293 708 2324 mitten
725 2293 766 2334 in,

101 2347 127 2369 s.
148 2337 175 2375 1,
194 2337 249 2377 41,
271 2337 303 2367 l:
321 2337 623 2375 2'71tertnn1idlum3
644 2338 695 2377 36,
713 2338 765 2378 20,

100 2382 130 2413 5:
148 2384 238 2414 inter
255 2383 366 2425 ipsum
382 2393 521 2425 pugnae
538 2385 687 2424 tempus,
708 2384 764 2414 das

98 2427 295 2467 vorhergeh.
314 2437 388 2469 per:
415 2428 455 2458 iin
475 2426 650 2465 Verlaufe,
675 2428 764 2458 wiih-

100 2473 192 2504 rend.
221 2491 265 2495 —
291 2472 440 2503 Corinth.
460 2477 540 2507 etc..
565 2473 616 2503 die
636 2472 765 2511 Erg‘an-

100 2527 186 2557 zung
218 2518 277 2548 der
310 2517 419 2548 Liicke
455 2517 497 2547 ist
529 2517 692 2548 unsiclier.
722 2535 764 2540 ——

101 2564 267 2604 equitatu,
293 2573 318 2594 s.
339 2574 364 2593 c.
384 2562 442 2599 30,
466 2563 515 2592 15.
533 2580 576 2584 —
594 2561 764 2594 Romanos

99 2608 217 2647 gehiirt
231 2618 270 2637 zn
289 2607 433 2638 adortus
452 2608 514 2637 und
533 2618 573 2637 zu
593 2607 762 2649 compulit.

146 2651 255 2683 3—5.
285 2652 374 2683 laeta
397 2652 455 2683 aus
470 2652 587 2683 elassis
605 2652 762 2693 bezogen,

845 1708 901 1747 123
923 1708 974 1745 36,
995 1708 1048 1747 20,
1068 1709 1102 1739 5:
1128 1707 1280 1749 trepidae
1295 1718 1413 1745 naves,
1438 1704 1521 1739 An-'

841 1754 920 1784 dere
947 1754 1125 1784 verbinden
1158 1763 1194 1783 es
1218 1753 1276 1784 mit
1302 1753 1441 1795 praeda.
1473 1771 1511 1775 -

840 1798 994 1840 Philippo
1023 1803 1105 1836 etc.,
1135 1796 1188 1827 fiir
1206 1797 1262 1828 Ph.
1287 1798 1433 1836 dagegen
1459 1797 1509 1828 als

842 1844 901 1874 den
933 1843 1175 1875 Vorsitzenden
1214 1843 1276 1873 und
1308 1842 1423 1873 Leiter
1451 1843 1510 1873 der

842 1888 962 1929 Spiele,
993 1898 1033 1918 zu
1065 1888 1187 1918 seinem
1213 1886 1383 1927 Vortheil,
1408 1886 1509 1919 Ruhm

841 1934 978 1964 erhiihte
1001 1933 1053 1963 die
1070 1931 1185 1963 Hunde
1206 1942 1268 1962 von
1295 1932 1365 1962 dem
1384 1942 1423 1962 an
1443 1932 1510 1963 sich

841 1978 930 2009 nicht
958 1978 1202 2018 bedeutenden,
1241 1977 1336 2016 aber,
1369 1977 1444 2008 well
1473 1987 1510 2008 er

841 2023 923 2053 iiber
940 2023 991 2054 die
1005 2022 1123 2053 Riimer
1141 2032 1303 2061 errungen
1322 2032 1402 2061 war,
1422 2022 1511 2053 nicht

840 2068 955 2107 gering
1000 2078 1041 2098 zu
1086 2067 1267 2098 uchtenden
1309 2067 1405 2107 Siege
1447 2067 1508 2097 den

841 2112 946 2143 Glanz
971 2123 1001 2144 u.
1021 2123 1047 2143 s,
1067 2122 1108 2143 w.
1127 2130 1171 2134 ——
1188 2122 1316 2153 quoque
1333 2113 1431 2143 sehon
1451 2112 1510 2142 der

840 2157 920 2197 Sieg
949 2157 1055 2188 selbst
1081 2167 1151 2188 war
1174 2155 1226 2187 fiir
1250 2157 1301 2187 ihu
1328 2156 1506 2187 erfreuliclx

839 2203 902 2233 und
914 2202 1245 2242 riihinlichgewesen
1256 2201 1416 2232 ebensou.
1427 2211 1453 2231 s.
1465 2211 1506 2232 w.

839 2266 881 2269 —
898 2247 1126 2290 populatstqztei
1152 2256 1187 2276 so
1213 2247 1288 2276 dass
1315 2256 1352 2277 er
1369 2246 1437 2277 sich
1457 2246 1505 2277 als

840 2292 935 2323 Manu
954 2293 1011 2323 des
1031 2291 1155 2323 Volkes
1175 2291 1368 2333 (popular'm)
1386 2291 1505 2330 zeigte
1524 2324 1525 2327 Ἰ

838 2332 1507 2378 vg1.c2s,3,1’01xb.c.26:rbff132

839 2379 1006 2424 διαδηιια
1026 2382 1124 2420 (ensig
1127 2382 1183 2417 ·',m
1203 2380 1239 2411 L.
1258 2381 1319 2420 24,
1338 2381 1374 2419 5,
1394 2381 1424 2419 5)
1445 2380 1504 2411 καὶ

838 2424 904 2468 τὴν
932 2423 1134 2469 πορᾳίοαν
1162 2423 1343 2463 (infuso,
1374 2422 1505 2466 βουλό-

837 2483 950 2522 μενος
967 2470 1078 2503 αἰῑὸν
1094 2472 1177 2502 ι’σον
1192 2472 1267 2506 Τοῖς
1283 2470 1503 2505 nomos-exce}

839 2518 964 2568 πρᾶον
992 2527 1072 2549 τινα
1103 2515 1158 2547 καὶ
1190 2514 1391 2568 ‹liquormov
1417 2513 1505 2546 ὑπο-

836 2559 1007 2605 ςσάᾳειν.
1026 2580 1069 2584 -
1086 2572 1118 2591 ιη
1136 2563 1288 2603 speezQem
1304 2561 1363 2591 dei
1377 2560 1506 2601 Gegen-

838 2612 909 2638 satz
940 2606 1023 2646 f·olgt
1052 2607 1082 2637 in
1111 2607 1180 2637 nise
1201 2616 1315 2637 omma
1340 2610 1402 2636 etc.
1450 2606 1506 2636 hat

837 2653 904 2683 sicli
934 2652 1014 2682 aber
1042 2662 1081 2682 au
1106 2652 1165 2681 den
1192 2652 1292 2682 durch
1317 2651 1505 2682 civitatibus

1542 1022 1561 1054 2
