1784 2967
211 1077 250 1108 15

209 1302 248 1333 1ss

275 239 328 276 52

721 233 847 265 LIBER
872 232 1013 265 XXVII.

1064 231 1158 264 CAP.
1188 231 1239 263 18.
1538 245 1564 264 a.
1576 247 1605 265 u.
1616 238 1678 265 545.

275 339 339 389 qui
366 337 489 389 pridie
517 337 704 375 stationes
733 336 904 375 hostium
935 336 1178 387 pepulerant,
1215 334 1261 373 ad
1299 333 1418 372 levem
1447 338 1681 372 armaturam

205 401 241 434 11
274 395 407 433 infimo
443 398 605 433 stantem
635 393 839 444 supercilio
870 393 985 432 ducit.
1026 405 1095 444 per
1122 403 1258 442 aspera
1286 390 1433 441 primo,
1460 390 1554 429 nihil
1582 390 1681 429 aliud

275 463 389 501 quam
413 451 470 488 via
491 450 681 500 impediti,
703 450 793 488 iere.
835 450 987 495 deinde,
1009 454 1052 488 ut
1073 449 1145 487 sub
1163 448 1279 486 ictum
1298 452 1496 494 venerunt,
1515 447 1682 486 telorum

205 514 245 546 12
274 507 402 557 primo
420 506 549 544 omnis
568 506 718 556 generis
736 506 791 545 vis
808 506 944 557 ingens
962 506 1079 544 effusa
1099 506 1135 543 in
1154 517 1222 543 eos
1241 509 1310 551 est,
1332 503 1407 555 ipsi
1426 508 1559 542 contra
1578 516 1681 550 saxa,

275 575 370 613 quae
387 562 497 601 locus
516 568 633 601 strata
650 563 812 613 passim,
836 563 965 600 omnia
983 562 1104 600 ferme
1120 561 1292 606 missilia,
1312 560 1479 612 praebet,
1496 560 1681 610 ingerere,

272 631 354 657 non
391 619 529 657 milites
566 620 690 658 solum
730 620 798 657 sed
835 619 948 657 etiam
976 619 1088 657 turba
1117 618 1295 657 calonum
1326 616 1483 655 inmixta
1513 617 1683 655 armatis.

205 682 244 714 13
275 680 444 714 ceterum
468 688 701 726 quamquam
720 687 904 714 ascensus
931 675 1095 713 difficilis
1113 680 1206 721 erat,
1229 680 1266 713 et
1281 686 1404 725 prope
1421 673 1685 712 obruebantur

273 732 360 770 telis
382 732 574 782 saxisque,
597 732 851 770 adsuetudine
872 736 999 770 tamen
1023 731 1253 770 succedendi
1273 743 1407 769 muros
1425 734 1462 768 et
1478 729 1684 781 pertinacia

205 794 247 826 14
276 788 392 826 animi
415 788 619 826 subierunt
647 788 773 839 primi.
815 788 879 838 qui
908 787 1022 826 simul
1045 800 1181 838 cepere
1202 787 1342 838 aliquid
1365 786 1475 838 aequi
1496 786 1589 833 loci,
1619 785 1685 824 nbi

275 845 389 882 firmo
413 845 675 883 consisterent
695 844 835 894 gradu,
857 845 976 882 levem
998 849 1035 882 et
1057 848 1372 882 concursatorem
1398 844 1549 882 hostem
1572 847 1686 893 atque

275 901 473 939 intervallo
497 905 643 947 tutum,
673 913 759 939 cum
784 901 918 951 procul
942 900 1152 939 missilibus
1174 912 1300 951 pugna
1323 900 1500 946 eluditur,
1522 899 1681 937 instabi-

276 957 350 995 lem
380 957 544 995 eundem
576 957 620 995 ad
640 957 859 995 comminus
882 958 1142 995 conserendas
1164 969 1314 1002 manus,
1337 956 1568 1006 expulerunt
1588 955 1686 1001 loco,

278 1018 314 1052 et
335 1025 422 1051 cum
446 1014 559 1052 caede
581 1025 718 1064 magna
738 1014 774 1051 in
797 1013 915 1052 aciem
939 1013 1072 1052 altiore
1095 1017 1381 1064 superstantem
1404 1012 1553 1050 tumulo
1575 1012 1686 1062 inpe—

280 1082 379 1120 gere.
422 1070 510 1108 inde
533 1070 663 1120 Scipio
694 1070 810 1108 iussis
840 1071 1024 1109 adversus
1055 1070 1219 1108 mediam
1243 1069 1401 1107 evadere
1421 1069 1542 1106 aciem
1565 1068 1687 1106 victo-

277 1126 385 1164 ribus
418 1132 564 1165 ceteras
595 1126 727 1177 copias
760 1139 846 1165 cum
869 1126 994 1164 Laelio
1018 1126 1159 1171 dividit,
1181 1130 1294 1176 atque
1317 1138 1404 1163 eum
1428 1130 1535 1176 parte
1556 1125 1686 1163 dextra
1737 1151 1748 1164 .·

276 1183 412 1221 tumuli
437 1183 653 1228 circumire,
673 1183 795 1221 donec
816 1183 1006 1221 mollioris
1029 1195 1214 1221 ascensus
1232 1182 1328 1220 viam
1347 1181 1541 1227 inveniret,
1565 1181 1685 1227 iubet3

276 1239 360 1289 ipse
382 1239 429 1277 ab
450 1239 552 1277 laeva
576 1239 777 1277 circumitu
799 1239 900 1277 haud
925 1252 1063 1289 magno
1086 1239 1124 1277 in
1142 1244 1386 1277 transversos
1408 1237 1533 1276 hostis
1555 1237 1688 1275 incur—

278 1295 338 1333 rit.
380 1294 468 1333 inde
496 1295 624 1346 primo
654 1296 805 1334 turbata
833 1296 932 1334 acies
955 1301 1030 1341 est,
1055 1296 1145 1334 dum
1169 1295 1213 1333 ad
1237 1295 1590 1333 circumsonantem
1612 1305 1687 1332 un-

277 1352 391 1402 dique
414 1352 621 1390 clamorem
644 1352 795 1391 flectere
817 1363 961 1390 cornua
983 1358 1020 1390 et
1037 1352 1235 1390 obvertere
1253 1351 1408 1389 ordines
1426 1350 1570 1389 volunt.
1610 1350 1687 1388 hoc

276 1442 386 1473 dieses
414 1443 519 1480 nicht3
543 1443 624 1473 auch
644 1443 688 1474 ist
706 1443 785 1474 nach
807 1443 869 1474 ilnn
886 1453 946 1482 gar

277 1487 365 1518 nicht
393 1497 429 1517 so
454 1487 564 1518 sicher
587 1486 646 1518 auf
666 1488 717 1518 die
740 1488 859 1519 Flucht
886 1489 946 1518 der

276 1531 401 1563 Feinde
423 1543 463 1562 zu
481 1533 634 1563 reclinen.
653 1551 693 1554 —
710 1533 866 1585 ewpedit„
883 1533 946 1564 Po-

275 1577 345 1619 lyb
375 1575 462 1612 τοὺς
492 1575 531 1608 δὲ
548 1587 858 1629 7οοσᾳομαχους
886 1578 945 1608 καὶ

275 1632 349 1653 των
364 1622 484 1659 nemi
496 1618 581 1658 τοὺς
594 1621 946 1660 gmafxwvgoextra-

277 1667 433 1698 ordinarii
452 1677 478 1698 s.
496 1678 523 1698 c.
545 1667 595 1706 12,
618 1668 683 1706 14).
700 1668 888 1711 —wfimo,
907 1669 946 1699 da

276 1722 328 1742 wo
344 1713 396 1743 die
411 1717 530 1743 untere
546 1712 667 1743 Fl'a'clie
682 1723 731 1743 am
743 1714 945 1752 niedrigsten

275 1767 356 1796 war,
371 1762 471 1788 unten
486 1767 535 1788 am
547 1756 668 1797 Raude,
689 1759 778 1789 nieht
791 1760 946 1800 (mersor,

274 1803 339 1833 wie
364 1801 384 1843 ξ
417 1803 457 1833 14
484 1802 596 1833 altior.
621 1821 666 1825 ——
694 1803 887 1846 supercilio,
919 1813 945 1834 S.

275 1846 525 1887 25,15,12.-
538 1847 625 1878 nihil
639 1848 694 1889 aL,
716 1858 742 1879 s.
758 1848 788 1887 2,
804 1848 833 1887 8,
853 1848 890 1886 ὃς
908 1847 945 1879 Ζ.

276 1891 297 1933 ξ
325 1891 400 1922 771.
419 1910 464 1914 —
481 1894 543 1924 sub
567 1896 633 1934 set„
658 1892 710 1929 26,
735 1894 786 1933 41),
815 1894 872 1931 103
893 1893 945 1935 37,

277 1937 331 1976 27,
362 1936 398 1967 S:
427 1948 468 1968 m,-
490 1938 553 1969 sab
576 1941 646 1969 ictu
668 1956 713 1960 —
730 1942 853 1977 essent,
879 1939 946 1979 vgl.

277 1982 327 2022 30,
363 1982 411 2022 10,
438 1982 489 2013 13.
514 2001 556 2004 —
579 1985 692 2014 strata
715 1988 795 2026 etta,
825 1983 892 2024 vgl.
917 1984 947 2025 9,

278 2026 329 2067 24,
345 2026 379 2057 6:
396 2037 485 2057 saara
498 2031 597 2058 erant
609 2031 642 2058 et
656 2031 780 2059 temere
793 2030 946 2068 [ac-entia,

278 2071 373 2112 utfit
388 2073 420 2101 in
439 2073 598 2113 aspretis,
614 2075 646 2103 et
661 2090 704 2094 —
719 2077 888 2114 congesta.
904 2091 948 2095 -—

278 2115 432 2147 calonum
451 2117 533 2147 wird
553 2117 634 2147 norb
651 2118 874 2157 nachtri‘iglich
890 2118 946 2148 be-

278 2160 397 2192 lnerkt.

328 2204 419 2235 13—
432 2205 482 2237 14.
510 2206 701 2247 adsuetud„
720 2217 755 2238 es
776 2207 818 2238 ist
836 2217 875 2238 an
894 2207 945 2238 die

279 2250 477 2290 Eroberung
500 2250 683 2292 Cartbagos
706 2253 861 2292 gedacht,
888 2252 946 2283 ob-

277 2296 384 2335 gleich
410 2296 501 2327 diese
526 2297 625 2328 allein
650 2297 839 2329 adsuetudo
859 2298 948 2328 nicht

278 2341 368 2371 batte
386 2341 490 2379 geben
510 2342 654 2381 konnen,
674 2343 739 2383 vgl.
761 2354 787 2373 c.
806 2343 835 2381 7,
855 2342 884 2373 2.
903 2361 947 2365 ——

277 2385 487 2427 saec-edendi,
512 2388 697 2427 ersteigen3
726 2387 783 2429 22,
801 2387 857 2427 28,
884 2388 944 2418 12:

277 2431 459 2462 succedens
469 2433 634 2464 tumulum
648 2444 654 2471 ς
671 2433 946 2471 ebensmubsere,

277 2476 415 2507 riickten
438 2476 557 2517 liinauf,
578 2479 607 2518 7,
630 2478 679 2519 12,
693 2478 728 2509 3:
747 2480 848 2509 aciem
866 2480 947 2510 sab-

277 2523 426 2552 emett'mu
453 2523 521 2553 iam
546 2534 680 2561 nnn-os,
706 2524 739 2564 2,
766 2522 823 2561 65,
849 2525 879 2553 5.
904 2542 948 2546 —

277 2575 399 2597 eonem·
402 2571 479 2603 rat.
500 2568 550 2598 di(
566 2568 592 2599 b:
596 2569 638 2599 ild
654 2569 724 2599 bier
739 2569 811 2599 bald
823 2569 860 2599 da
877 2569 948 2600 An-

277 2611 371 2647 grilfe
396 2622 434 2642 zu
460 2593 592 2644 iiiiclien
626 2612 808 2655 pflegen,
834 2624 861 2644 s.
894 2614 946 2655 31,

278 2654 331 2694 35,
351 2656 440 2696 63⁵,
460 2658 489 2697 S,
509 2658 545 2695 ὃς
573 2658 624 2697 30,
644 2659 751 2700 34,2;
771 2659 822 2700 22,
845 2658 895 2698 18,
915 2658 946 2699 3,

1018 1442 1101 1473 wird
1127 1442 1166 1472 im
1192 1441 1287 1481 Folg.
1317 1441 1455 1472 erkliirt.
1478 1459 1522 1464 -
1545 1451 1621 1473 eum
1642 1459 1686 1464 —

1019 1487 1183 1519 eluditur:
1244 1485 1534 1525 Scheiugefechte,
1588 1496 1683 1517 wenn

1019 1533 1119 1563 durch
1140 1532 1331 1571 geschickte
1355 1531 1593 1571 8Vendungen,
1623 1531 1686 1562 wie

1019 1578 1049 1608 in
1087 1578 1146 1608 den
1190 1576 1577 1618 Gladiatorenkiimpfen,
1613 1577 1686 1607 eine

1020 1627 1134 1653 ernste
1159 1622 1312 1653 Schlacht
1344 1622 1512 1661 gemieden
1538 1621 1633 1652 wird.
1659 1631 1686 1653 s.
1764 1630 1765 1660 j

1020 1667 1072 1704 21,
1093 1668 1145 1703 50,
1168 1667 1201 1706 13
1223 1666 1252 1707 2,
1272 1667 1324 1706 48,
1343 1666 1380 1704 63
1407 1666 1598 1707 Erklfirung
1622 1677 1685 1698 von
1743 1695 1765 1700 ,

1019 1712 1204 1744 intervallo.
1228 1730 1271 1734 —
1295 1713 1328 1743 in
1352 1713 1471 1752 aciem,
1489 1713 1636 1752 dagegen
1658 1711 1685 1748 1,

1020 1758 1078 1800 37,
1106 1758 1137 1788 1:
1168 1759 1201 1788 ῐη
1230 1761 1330 1800 pacta
1351 1757 1508 1795 sublici-5⁵3
1540 1756 1575 1797 8,
1600 1755 1629 1795 6,
1649 1756 1686 1794 2;

1019 1802 1099 1834 Tac.
1125 1802 1161 1833 H.
1187 1801 1224 1842 2,
1249 1803 1307 1834 41:
1330 1804 1361 1833 in
1390 1802 1512 1834 vallum
1534 1804 1689 1845 inpinge—

1020 1851 1157 1885 rentur-3
1177 1847 1278 1887 Verg.
1298 1847 1379 1878 Aen.
1400 1848 1430 1887 5,
1450 1848 1524 1878 804.

1067 1892 1208 1924 15—16.
1234 1893 1308 1924 adr.
1327 1892 1475 1924 mediam
1492 1892 1596 1931 evad„
1613 1892 1688 1923 mit-

1019 1943 1074 1970 ten
1100 1948 1203 1978 gegen
1231 1939 1282 1969 die
1307 1956 1351 1960 —
1374 1938 1559 1976 anriicken,
1585 1937 1632 1968 sie
1657 1937 1687 1968 in

1020 1985 1080 2014 der
1105 1983 1217 2021 Mitte,
1244 1993 1306 2013 von
1332 1993 1414 2014 vorn
1438 1981 1620 2023 angreifen.
1645 2000 1689 2004 ——

1019 2028 1176 2069 undique,
1188 2028 1383 2059 nichtallein
1395 2038 1456 2058 von
1470 2027 1688 2068 tlenTruppen

1019 2074 1148 2114 Scipios
1163 2073 1305 2103 sondern
1321 2073 1401 2103 auch
1417 2073 1520 2104 denen
1536 2073 1593 2102 des
1604 2072 1690 2103 Lae-

1018 2117 1082 2149 lius
1106 2118 1170 2148 und
1197 2117 1257 2148 den
1276 2117 1626 2148 Leichtbewaffneten.
1645 2135 1690 2140 —

1008 2162 1153 2204 flectere
1184 2180 1229 2185 —-
1262 2164 1449 2200 obvertere,
1485 2163 1536 2193 die
1570 2161 1688 2202 Fliigel

1021 2207 1219 2238 schwenken
1250 2208 1314 2238 und
1344 2208 1395 2238 die
1421 2207 1594 2239 einzelnen
1620 2207 1688 2238 Ab-

1021 2253 1226 2293 theilungen,
1252 2253 1302 2283 (lie
1327 2252 1376 2284 bis
1394 2252 1483 2294 jetzt
1506 2253 1585 2284 nach
1604 2262 1687 2284 vorn

1019 2298 1184 2337 gerit-Met
1218 2299 1373 2337 standen,
1409 2308 1513 2338 gegen
1543 2298 1595 2328 die
1625 2308 1687 2328 von

1020 2343 1079 2373 der
1094 2343 1184 2374 Seite
1200 2342 1443 2383 Angreifenden
1464 2344 1602 2382 ricbten,
1622 2342 1686 2382 vgl.

1022 2388 1138 2431 Polyb.
1165 2399 1190 2419 c.
1218 2388 1274 2419 39:
1305 2386 1405 2432 παρὰ
1435 2386 1500 2429 τὴν
1522 2385 1690 2431 προσδο-

1022 2436 1106 2465 mcxv
1125 2433 1353 2472 (Hasdrubals)
1368 2445 1390 2476 7
1394 2444 1434 2476 ε7
1437 2444 1474 2466 ει
1479 2434 1568 2477 ημεί
1572 2444 1610 2472 ης
1628 2432 1688 2473 τῆς

1021 2478 1095 2511 ἐπι
1094 2479 1227 2514 ’ὶέσεως
1250 2490 1299 2510 κα
1312 2479 1502 2521 fftr‘sorep
1511 2491 1521 2508 1
1548 2479 1609 2519 τῆς
1632 2476 1687 2509 ἐκ·

1021 2521 1164 2561 τάξεως.
1193 2525 1236 2556 οἵ
1265 2522 1303 2555 δὲ
1324 2520 1496 2568 Ρωμαῖοι
1522 2534 1612 2554 κατα
1631 2522 1687 2554 κέ-

1023 2580 1088 2610 ρας
1105 2579 1288 2613 floreffiae]
1291 2580 1323 2600 οι
1349 2553 1414 2601 roz
1437 2566 1612 2601 m‘rwidmov
1629 2564 1688 2598 013-

1022 2613 1126 2645 demo
1155 2625 1227 2646 τω]
1258 2614 1451 2665 πολίεμιων
1472 2609 1688 2665 κατειληᾳό-

1021 2670 1093 2691 των
1110 2656 1193 2695 τοὺς
1206 2658 1268 2692 ἐπὶ
1282 2659 1353 2691 τῶν
1365 2655 1526 2702 κεράτων
1539 2655 1686 2697 τόπους,
