1784 2967
194 468 233 498 lo

192 637 226 667 11

190 805 229 837 12

189 1147 229 1178 14

191 1259 227 1289 15

186 1483 226 1515 16

188 1596 226 1627 17

707 244 832 276 LIBER
856 243 1013 278 XXVIII.
1062 244 1155 276 CAP.
1182 245 1236 276 43.
1527 262 1551 281 a.
1565 262 1592 280 u.
1607 255 1668 281 549.

263 247 343 287 228

263 361 389 387 essem
412 347 569 398 periculi
587 347 774 392 aditurus,
797 346 831 386 si
845 347 885 386 in
900 347 1068 386 Africam
1085 347 1298 394 traicerem,
1321 352 1362 386 ut
1377 360 1501 386 meam
1519 360 1674 399 quoque

263 417 344 444 non
376 404 502 442 solum
539 403 593 441 rei
621 403 793 454 publicae
821 408 858 442 et
883 404 1073 442 exercitus
1100 404 1223 443 vicem
1253 404 1444 443 videretur
1472 405 1670 444 sollicitus.

264 461 365 500 unde
398 460 493 497 haec
517 465 676 510 repente
713 473 802 498 cura
829 460 875 498 de
901 473 963 499 me
992 458 1153 499 exorta?
1184 473 1272 499 cum
1299 465 1407 511 pater
1434 466 1672 512 patruusque

261 529 371 555 meus
394 516 596 561 interfecti,
619 529 707 555 cum
731 517 808 555 duo
831 517 1018 556 exercitus
1040 529 1175 555 eorum
1198 529 1320 568 prope
1338 517 1537 556 occidione
1553 517 1671 557 occisi

261 578 403 618 essent,
420 584 507 611 cum
525 573 690 612 amissae
702 572 919 624 Hispaniae,
938 586 1025 612 cum
1044 578 1226 624 quattuor
1243 573 1432 613 exereitus
1444 573 1670 613 Poenorum

265 634 524 679 quattuorque
546 629 661 667 duces
685 630 816 668 omnia
837 635 943 668 metu
964 630 1159 681 armisque
1178 635 1373 677 tenerent,
1403 642 1490 669 cum
1517 631 1672 681 quaesi-

262 692 324 724 tus
349 685 395 723 ad
412 685 449 724 id
467 685 608 724 bellum
626 685 839 735 imperator
854 698 970 724 nemo
990 698 1031 724 se
1049 686 1271 726 ostenderet
1287 692 1440 737 praeter
1457 699 1531 733 me,
1554 699 1669 726 nemo

260 741 433 793 profiteri
454 754 572 780 ausus
595 747 714 787 esset,
743 754 830 780 cum
859 741 954 780 mihi
982 747 1163 793 quattuor
1191 748 1227 782 et
1247 756 1295 781 xx
1326 754 1450 781 annos
1479 747 1570 782 nato
1601 743 1670 783 de-

258 798 409 837 tulisset
429 797 637 849 imperium
658 798 826 850 populus
843 798 1042 837 Romanus
1063 822 1119 826 —
1140 799 1229 850 quid
1251 799 1302 838 ita
1322 804 1405 838 tum
1426 811 1542 838 nemo
1565 805 1668 839 aeta-

258 861 335 894 tem
358 867 495 902 meam,
516 855 593 894 vim
614 855 807 901 hostium,
829 855 1091 895 difficultatem
1112 855 1217 903 belli,
1239 856 1360 907 patris
1381 857 1584 908 patruique
1604 870 1668 897 re-

262 917 412 950 centem
440 912 586 950 cladem
615 910 974 951 commemorabat‘.>
1009 916 1140 951 utrum
1178 913 1304 952 maior
1340 913 1464 964 aliqua
1497 925 1602 952 nunc
1630 914 1670 952 in

213 978 231 1008 3
263 968 388 1007 Africa
418 968 611 1007 calamitas
642 974 797 1019 accepta
826 974 904 1015 est,
939 981 1054 1019 quam
1081 974 1174 1007 tunc
1200 969 1239 1007 in
1267 969 1451 1019 Hispania
1479 968 1590 1008 erat?
1620 981 1669 1009 an

260 1025 426 1068 maiores
455 1036 561 1063 nunc
582 1030 674 1064 sunt
695 1025 885 1064 exercitus
907 1025 947 1063 in
969 1025 1095 1063 Africa
1118 1030 1155 1063 et
1176 1025 1291 1064 duces
1313 1025 1444 1076 plures
1467 1025 1668 1064 meliores-

260 1093 350 1132 que,
381 1094 497 1131 quam
528 1086 620 1120 tunc
649 1083 686 1119 in
710 1081 894 1132 Hispania
915 1079 1103 1120 fuerunt?
1126 1093 1173 1120 an
1194 1087 1298 1120 aetas
1322 1094 1405 1120 mea
1426 1087 1521 1120 tunc
1541 1087 1668 1121 matu-

258 1138 338 1176 rior
358 1138 455 1176 bello
477 1138 646 1187 gerendo
667 1137 755 1184 fuit,
783 1150 898 1188 quam
926 1149 1031 1177 nunc
1058 1136 1145 1176 est?
1178 1150 1225 1176 an
1254 1150 1340 1177 cum
1364 1137 1669 1188 Carthaginiensi

258 1195 368 1232 hoste
389 1194 428 1232 in
444 1194 628 1244 Hispania
648 1206 762 1245 quam
784 1194 824 1233 in
840 1194 966 1233 Africa
986 1194 1126 1232 bellum
1150 1195 1229 1244 geri
1251 1194 1377 1245 aptius
1399 1193 1486 1233 est‘?
1506 1194 1667 1241 facilest,

253 1258 339 1302 post
358 1250 469 1289 fusos
490 1251 722 1301 fugatosque
743 1255 926 1301 quattuor
946 1251 1134 1289 exercitus
1156 1250 1340 1297 Punicos,
1362 1256 1453 1302 post
1472 1256 1531 1290 tot
1552 1251 1668 1290 urbes

258 1307 292 1344 vi
313 1312 443 1358 captas
465 1311 530 1345 aut
552 1312 657 1346 metu
678 1307 856 1346 subactas
878 1308 917 1346 in
940 1307 1152 1353 dicionem,
1180 1312 1272 1358 post
1298 1307 1516 1357 perdomita
1538 1308 1669 1346 omnia

255 1375 380 1413 usque
396 1363 443 1401 ad
460 1363 669 1408 Oceanum,
692 1369 751 1402 tot
771 1364 937 1413 regulos,
957 1368 1017 1402 tot
1038 1375 1168 1401 saevas
1191 1368 1334 1413 gentes,
1358 1368 1451 1414 post
1470 1368 1665 1414 receptam

253 1424 377 1458 totam
394 1419 620 1470 Hispaniam
642 1420 703 1466 ita,
723 1425 766 1458 ut
786 1420 991 1470 vestigium
1011 1419 1099 1458 belli
1120 1419 1267 1458 nullum
1290 1419 1481 1470 reliquum
1504 1420 1564 1465 sit,
1587 1419 1667 1458 ele·
1696 1428 1704 1438 ⁶

256 1488 343 1513 vare
367 1488 471 1514 meas
493 1489 555 1514 res
579 1481 726 1526 gestas,
748 1481 828 1514 tam
849 1476 1014 1523 hercule,
1037 1488 1166 1526 quam,
1189 1476 1222 1515 si
1243 1476 1365 1514 victor
1386 1489 1430 1514 ex
1451 1476 1579 1515 Africa
1600 1488 1663 1515 re-

255 1532 410 1577 dierim,
434 1545 475 1569 ea
496 1532 580 1582 ipsa
602 1532 759 1578 elevare,
783 1545 880 1583 quae
902 1544 1005 1571 nunc
1026 1532 1216 1571 retinendi
1238 1532 1314 1570 mei
1335 1544 1463 1579 causa,
1487 1538 1529 1571 ut
1549 1533 1667 1571 terri—

256 1588 344 1627 bilia
366 1589 497 1626 eadem
520 1588 738 1633 videantur,
769 1588 895 1627 verbis
925 1588 1173 1627 extolluntur.
1215 1594 1329 1637 negat
1350 1588 1497 1627 aditum
1519 1601 1606 1627 esse
1628 1589 1667 1627 in

255 1645 440 1689 Africam,
470 1650 585 1694 negat
606 1644 702 1683 ullos
725 1650 855 1695 patere
877 1650 1034 1695 portus,
1055 1646 1102 1683 M.
1125 1645 1281 1683 Atilium
1304 1650 1458 1695 captum
1480 1645 1519 1683 in
1541 1645 1667 1684 Africa

256 1706 549 1747 commemorat,
566 1706 765 1751 tamquam
775 1701 821 1739 M.
834 1701 967 1740 Atilius
985 1701 1113 1752 primo
1128 1713 1287 1740 accessu
1304 1701 1350 1740 ad
1360 1701 1528 1740 Africam
1542 1702 1665 1740 offen-

997 1816 1116 1845 utrum
1138 1831 1183 1835 —
1206 1823 1250 1844 aa
1273 1831 1314 1834 ——
1340 1823 1384 1844 an
1407 1813 1492 1844 liisst
1515 1823 1577 1843 nur
1600 1813 1667 1844 iro—

255 1814 290 1843 2:
309 1815 343 1845 in
360 1815 477 1844 canticis
486 1813 619 1855 fideles.

300 1902 421 1934 9—16.
449 1903 516 1934 Der
545 1901 648 1943 Hrieg
676 1904 707 1934 in
738 1902 851 1934 Africa
882 1903 925 1934 ist

254 1948 404 1987 weniger
420 1946 622 1987 gesalirlicli‚
656 1949 706 1979 als
725 1949 784 1979 der
802 1949 833 1979 in
852 1947 927 1979 His-

254 1993 382 2034 panien,
400 2002 505 2032 gegen
524 2004 551 2023 c.
569 1993 622 2030 41,
646 1992 724 2024 llff.
743 2011 788 2016 —
804 2003 924 2033 meam,

255 2038 411 2068 ironisch.
432 2055 476 2059 —
499 2040 673 2079 quattuor,
701 2048 727 2070 S.
745 2037 766 2079 ξ
787 2038 839 2078 14,
858 2038 924 2077 vgl.

256 2093 282 2113 c.
306 2081 358 2123 33,
382 2081 413 2113 3.
435 2100 479 2104 —
501 2084 648 2113 amissae
670 2083 720 2122 H„
740 2093 766 2113 s.
787 2093 813 2113 c.
837 2083 864 2120 1,
884 2082 922 2119 23

255 2137 316 2158 zur
339 2128 443 2157 Saehe
467 2126 520 2165 26,
545 2127 600 2166 41,
626 2127 662 2165 ὃς
698 2128 740 2158 ib.
762 2127 812 2165 17,
831 2128 861 2158 4.
880 2146 923 2149 —

253 2174 439 2213 quaesitus,
458 2171 512 2210 22,
538 2172 587 2213 14,
607 2172 642 2202 9:
678 2172 730 2203 ein
750 2172 922 2211 Feldherr,

254 2219 316 2248 den
338 2227 411 2248 man
440 2218 574 2254 suchte,
608 2218 810 2257 ungeachtet
838 2217 922 2247 alles

254 2262 413 2301 Suchens,
430 2262 496 2302 vgl.
516 2262 616 2302 2,45,
634 2262 683 2293 15.
702 2263 924 2306 —profiter1,

256 2306 309 2343 26
338 2307 387 2344 18,
406 2287 437 2338 ³7.
455 2325 499 2330 -—-
516 2306 596 2348 qued
610 2309 658 2338 ita
676 2308 754 2346 geht
755 2273 830 2338 P'aut
843 2306 863 2348 ξ
884 2307 923 2337 10

256 2352 342 2383 unde
366 2358 429 2383 etc.
455 2352 597 2383 zuriick:
630 2353 710 2383 nach
736 2353 825 2391 dem,
852 2361 921 2382 was

254 2396 367 2427 fiiihei
381 2397 535 2435 geschah,
554 2397 644 2428 hatte
658 2397 837 2437 auchjetzt
850 2398 923 2427 eine

254 2442 461 2481 Besorgniss,
477 2443 551 2472 dass
567 2443 616 2473 ich
631 2443 713 2473 mich
729 2453 769 2472 zu
783 2452 923 2481 grossen

256 2486 419 2517 Gefahren
439 2491 607 2527 aussetze,
627 2488 657 2518 in
677 2488 736 2518 der
753 2487 832 2525 Art,
859 2487 922 2517 wie

255 2532 303 2561 sie
328 2532 395 2562 sich
419 2532 509 2571 zcigt
527 2533 616 2570 (ila),
651 2532 740 2563 nieht
756 2533 920 2563 eintreten

257 2576 374 2615 sollen,
394 2586 420 2606 5.
440 2576 491 2615 27,
511 2576 565 2616 34,
587 2577 637 2610 13.
662 2596 706 2600 —
722 2580 838 2609 utrum
858 2577 921 2608 soll

259 2621 345 2651 nicht
368 2621 425 2651 das
448 2621 544 2652 Erste
567 2623 617 2653 als
641 2623 788 2663 weniger
814 2623 921 2653 wahr-

256 2665 431 2696 scheinlich
494 2666 711 2707 bezeichnen,
777 2668 919 2699 sondern

998 1859 1088 1889 nisch
1107 1858 1158 1889 die
1178 1857 1294 1898 &Vahh
1329 1858 1387 1888 das
1412 1858 1484 1889 eine
1510 1858 1590 1888 oder
1607 1868 1666 1889 an-

997 1904 1076 1934 dere
1094 1904 1330 1943 anzunehmen,
1348 1901 1422 1945 frei,
1440 1903 1598 1934 wiihrend
1615 1903 1666 1934 die

998 1948 1098 1979 Form
1123 1949 1182 1979 der
1199 1947 1289 1979 Rede
1312 1947 1378 1978 alle
1403 1948 1575 1979 einzelnen
1597 1949 1668 1978 An—

998 1994 1134 2024 nahmen
1149 1993 1199 2024 als
1213 1991 1665 2031 unstatthaftzuriickweist3

997 2038 1055 2068 mit
1073 2036 1276 2068 schiirferem
1294 2037 1470 2068 Ausdruck
1487 2038 1546 2068 der
1565 2037 1667 2068 Miss-

996 2083 1156 2122 billigung
1173 2083 1264 2113 h'zitte
1283 2086 1365 2113 statt
1382 2084 1499 2113 utrum
1522 2083 1604 2113 auch
1621 2092 1665 2113 an

996 2128 1111 2158 stehen
1135 2127 1282 2169 konnen,
1309 2127 1375 2166 vgl.
1402 2127 1438 2166 4,
1463 2126 1576 2166 3,16;
1611 2127 1664 2166 21,

995 2172 1049 2210 41,
1075 2173 1112 2210 53
1148 2172 1201 2210 40,
1230 2172 1279 2210 15,
1304 2172 1343 2202 14
1366 2182 1397 2203 u.
1423 2182 1452 2203 a.
1475 2171 1534 2202 Die
1558 2172 1666 2202 mehr-

994 2216 1086 2247 fache
1112 2215 1375 2257 &Viederholung
1397 2227 1461 2247 von
1484 2227 1528 2248 aa
1552 2227 1579 2248 5.
1611 2216 1664 2256 21,

998 2261 1049 2301 10,
1068 2262 1105 2300 ὃς
1140 2262 1206 2293 Cic.
1226 2263 1292 2293 Att.
1316 2262 1350 2302 1,
1373 2262 1427 2299 17,
1456 2260 1491 2300 ὓς
1527 2262 1567 2292 ad
1586 2261 1663 2293 Her.

995 2307 1026 2345 4,
1045 2306 1098 2345 24,
1117 2306 1177 2345 333
1213 2317 1242 2348 p.
1262 2307 1351 2338 Balb.
1380 2306 1433 2346 23,
1459 2307 1502 2337 54
1524 2317 1556 2337 u.
1574 2316 1603 2337 a.
1620 2324 1664 2328 —

995 2352 1126 2383 hercule
1161 2353 1250 2383 steht
1289 2352 1360 2383 hier
1393 2353 1435 2382 im
1469 2351 1663 2393 Hauptsatz,

995 2397 1144 2437 hiiufiger
1159 2397 1329 2440 profecto,
1362 2397 1423 2427 wie
1442 2407 1469 2428 c.
1489 2396 1542 2436 44,
1564 2396 1601 2427 12
1621 2397 1663 2427 im

995 2442 1226 2480 Nebensatze3
1260 2453 1287 2473 5.
1312 2442 1392 2473 Sall
1416 2440 1532 2481 fragm.
1556 2442 1581 2475 1.
1612 2441 1661 2481 19,

999 2488 1055 2517 17:
1091 2490 1215 2529 quanto
1238 2487 1426 2518 mehercule
1449 2486 1579 2518 midias
1600 2497 1662 2529 pa-

996 2543 1068 2564 cem
1082 2533 1267 2575 pets-enites,
1303 2535 1394 2563 tanto
1413 2531 1532 2563 bellam
1549 2532 1662 2563 aeneus

995 2579 1071 2608 erit
1090 2595 1133 2600 —
1150 2577 1329 2610 r'edzere'm
1355 2577 1414 2607 der
1431 2574 1581 2616 kiiustige
1600 2576 1661 2607 Er-

994 2620 1089 2660 folg'
1082 2633 1112 2653 in
1138 2622 1248 2662 Bezug
1271 2613 1330 2654 auf
1349 2622 1405 2653 das
1432 2632 1473 2652 zu
1490 2621 1662 2652 denkende

982 2668 1096 2709 saccle
1113 2669 1186 2699 erit.
