1784 2967
127 2421 136 2438 Ι

150 904 204 944 29

229 237 281 275 74
628 232 755 264 LIBER
779 232 921 266 xxvii.
968 231 1058 264 CAP.
1085 231 1138 264 28.
1166 231 1220 264 29.

1490 248 1516 267 a.
1529 247 1556 265 u.
1569 239 1631 264 546.

165 345 205 377 15
229 338 401 378 nuntiata
422 335 587 375 Marcelli
609 335 776 374 adfulsit.
816 340 970 374 secutus
992 334 1082 374 inde
1097 333 1258 373 nuntius
1279 332 1529 372 Hannibalem
1551 331 1634 371 Nu-

230 394 420 433 midarum
443 392 615 443 equitatu
637 391 853 442 praemisso
875 391 1018 443 ipsum,
1040 396 1227 441 quantum
1249 389 1466 429 adcelerare
1485 393 1634 441 posset,

162 456 202 489 16
231 463 318 490 cum
346 448 517 501 peditum
546 448 699 499 agmine
727 449 846 500 sequi.
887 449 1016 500 itaque
1040 447 1104 487 ubi
1131 447 1301 499 primum
1323 446 1510 486 Numidas
1531 445 1634 485 edito

232 520 252 545 e
274 505 441 558 speculis
465 504 574 556 signo
597 506 801 545 adventare
823 504 957 552 sensit,
980 509 1016 543 et
1036 504 1121 556 ipse
1136 503 1324 555 patefacta
1344 507 1503 554 repente
1522 507 1635 553 porta

229 563 337 602 ferox
366 562 405 601 in
427 562 553 601 hostis
576 562 753 613 erumpit.
795 566 832 600 et
853 562 978 613 primo
1001 561 1123 611 magis
1146 560 1233 612 quia
1253 559 1454 611 inproviso
1476 559 1513 597 id
1532 559 1634 597 fece-

162 627 200 659 17
230 625 305 666 rat,
325 631 441 670 quam
465 619 567 669 quod
589 631 658 669 par
678 618 823 657 viribus
846 622 960 665 esset,
982 629 1124 669 anceps
1145 622 1340 656 certamen
1363 620 1460 663 erat,
1486 614 1636 660 deinde,

231 681 272 715 ut
300 686 558 727 supervenere
579 675 786 722 Numidae,
812 679 943 714 tantus
966 686 1085 725 pavor
1105 673 1293 713 Romanis
1316 678 1374 712 est
1393 672 1573 720 iniectus,
1594 676 1639 711 ut

228 732 374 784 passim
398 732 443 770 ad
466 744 572 770 mare
593 744 637 770 ac
658 743 773 770 naves
794 730 972 781 fugerent
992 731 1131 769 relictis
1154 730 1336 781 operibus
1359 728 1638 779 machinisque,

231 789 368 840 quibus
397 800 532 827 muros
555 787 790 839 quatiebant.
832 788 881 826 ita
909 787 1071 826 adventu
1094 786 1317 826 Hannibalis
1341 786 1465 825 soluta
1485 785 1638 824 Locro-

228 857 316 885 rum
339 844 489 883 obsidio
512 849 581 883 est.

346 901 548 952 Crispinus
593 905 803 951 postquam
843 900 883 939 in
918 899 1092 939 Bruttios
1127 899 1345 950 profectum
1381 898 1638 937 Hannibalem

230 958 364 1005 sensit,
387 957 610 1003 exercitum,
629 957 688 995 cui
710 956 867 1007 conlega
888 956 1116 1007 praefuerat,
1138 955 1186 994 Μ.
1204 955 1421 994 Marcellum
1438 955 1638 993 tribunum

182 1023 202 1055 2
231 1015 393 1053 militum
419 1014 626 1052 Venusiam
648 1013 838 1052 abducere
855 1013 987 1060 iussit3
1009 1013 1093 1064 ipse
1115 1024 1203 1050 cum
1223 1011 1440 1062 legionibus
1463 1011 1543 1049 suis
1565 1011 1637 1050 Ca-

231 1083 350 1123 puam
368 1070 578 1122 profectus,
600 1070 660 1109 vix
675 1070 830 1109 lecticae
853 1069 1098 1121 agitationem
1115 1080 1208 1120 prae
1232 1067 1414 1118 gravitate
1437 1067 1639 1106 vulnerum

230 1128 399 1179 patiens,
433 1127 599 1166 Romam
628 1127 772 1166 litteras
794 1127 840 1165 de
861 1132 986 1165 morte
1008 1126 1189 1176 conlegae
1212 1124 1389 1175 scripsit,
1419 1130 1640 1175 quantoque
1663 1133 1700 1165 15

184 1195 202 1227 3
232 1185 316 1235 ipse
337 1185 374 1222 in
391 1183 614 1222 discrimine
635 1189 755 1222 esset:
778 1196 819 1222 se
842 1183 1090 1222 comitiorum
1109 1194 1225 1220 causa
1241 1193 1320 1219 non
1337 1193 1457 1232 posse
1473 1181 1638 1219 Romam

232 1241 379 1287 venire,
402 1239 490 1291 quia
512 1252 584 1278 nec
604 1240 683 1278 viae
703 1240 875 1278 laborem
897 1251 1087 1291 passurus
1110 1238 1320 1285 videretur,
1343 1242 1380 1276 et
1402 1238 1448 1277 de
1469 1237 1636 1277 Tarento

232 1297 418 1336 sollicitus
448 1302 568 1342 esset,
602 1309 649 1335 ne
674 1309 718 1335 ex
740 1296 900 1335 Bruttiis
923 1295 1113 1335 Hannibal
1139 1307 1184 1333 eo
1206 1298 1457 1349 ¹converteret
1483 1306 1639 1344 agmen3

231 1354 376 1405 legatos
400 1365 500 1403 opus
523 1366 608 1391 esse
630 1354 675 1392 ad
699 1366 738 1391 se
756 1353 868 1398 mitti,
891 1353 996 1391 viros
1022 1351 1237 1403 prudentis,
1261 1363 1346 1389 cum
1366 1350 1519 1401 quibus,
1543 1362 1639 1401 quae

185 1416 205 1447 4
236 1411 351 1456 vellet,
374 1410 418 1448 de
440 1422 481 1448 re
502 1409 653 1460 publica
676 1410 910 1460 loqueretur.
951 1409 1021 1447 hae
1035 1408 1184 1447 litterae
1200 1407 1387 1448 recitatae
1397 1418 1581 1457 magnum
1598 1411 1637 1445 et

231 1468 378 1506 luctum
399 1471 526 1504 morte
547 1466 700 1505 alterius
723 1466 894 1505 consulis
916 1471 952 1504 et
972 1471 1118 1504 metum
1142 1464 1188 1502 de
1205 1464 1323 1503 altero
1340 1464 1525 1502 fecerunt.
1567 1463 1638 1501 ita-

232 1536 304 1574 que
332 1528 369 1562 et
390 1523 435 1569 Q.
458 1522 619 1561 Fabium
641 1523 760 1562 filium
783 1523 828 1562 ad
850 1522 1057 1561 exercitum
1080 1520 1287 1560 Venusiam
1309 1519 1510 1567 miserunt,
1534 1524 1572 1558 et
1591 1520 1637 1559 ad

231 1703 337 1734 strahl
367 1703 465 1743 gieng
493 1703 556 1733 ihm
585 1701 650 1733 auf.
675 1719 718 1724 —
740 1704 898 1734 nuntiata

231 1752 307 1788 ete„
326 1747 505 1779 Hannibals
524 1747 654 1779 Marsch
681 1745 803 1787 erfolgt
828 1752 899 1778 crst

231 1793 337 1833 einige
353 1793 429 1824 Zeit
447 1793 527 1824 nach
542 1793 612 1824 dem
627 1792 718 1823 'rode
733 1793 791 1823 des
807 1792 898 1823 Mar-

231 1838 354 1878 cellus,
374 1839 437 1869 wic
457 1839 525 1869 sich
544 1837 596 1868 bei
614 1838 674 1869 der
691 1836 899 1877 Entfernung

231 1882 381 1925 Salapias
427 1894 490 1915 von
536 1882 682 1915 Venusia
731 1887 898 1914 erwarten

230 1928 326 1960 lasst.
360 1947 404 1951 —
436 1928 626 1960 adcelerare
664 1927 798 1959 absolut
836 1928 899 1959 wie

230 1972 261 2013 3,
281 1973 334 2013 27,
353 1972 372 2004 8
389 1984 419 2005 u.
439 1984 480 2012 a.,
498 1973 564 2013 vgl.
583 1984 610 2004 c.
630 1973 683 2012 47,
703 1972 733 2004 ὃ.

278 2018 421 2049 16—17.
437 2030 453 2049 e
465 2018 619 2061 speculis,
633 2018 827 2050 ausserhalb
842 2018 901 2049 der

232 2063 342 2103 stadt,
367 2063 434 2102 vgl.
453 2063 510 2104 28,
530 2064 559 2101 5,
582 2063 632 2093 17.
648 2080 690 2086 ἢ
707 2063 897 2102 adventare,

230 2108 271 2138 im
291 2110 408 2147 Anzug
426 2108 485 2138 sei.
502 2125 546 2129 —
563 2110 688 2150 etipse,
708 2108 766 2137 wie
786 2118 823 2137 er
836 2118 898 2138 von

231 2153 302 2183 dem
326 2152 558 2183 anriickenden
582 2152 689 2183 Heere
714 2152 807 2183 einen
832 2152 900 2182 An-

231 2197 310 2238 griif
335 2202 527 2228 erwartete.
551 2215 596 2219 —
619 2208 717 2239 quam
743 2208 771 2239 q.
799 2200 898 2237 esset,

230 2243 295 2273 wie
310 2247 403 2273 sonst
416 2253 480 2274 non
497 2242 586 2283 quod
598 2246 688 2274 esset
699 2242 812 2273 —sed
823 2244 900 2284 quia

220 2288 369 2329 fecerat,
386 2287 466 2318 Sall.
479 2287 512 2318 C.
528 2287 577 2327 14,
589 2288 623 2319 7:
643 2299 687 2319 θα·
703 2287 780 2318 aliis
798 2289 899 2319 rebus

229 2334 358 2373 vangis,
389 2343 487 2374 qnam
512 2332 602 2374 quod
622 2351 667 2355 —
690 2335 899 2375 compertam

227 2379 332 2417 sol-et.
351 2396 393 2399 —
412 2379 572 2419 qnatieb„
591 2389 631 2408 zu
650 2383 781 2409 stossen
800 2379 900 2419 pileg-

231 2427 303 2461 tcn,
328 2423 409 2453 eben
429 2424 529 2461 noch,
548 2424 629 2454 oder
645 2423 767 2453 vorlier
785 2423 900 2453 immer

230 2468 431 2505 beraunten,
457 2478 492 2499 es
517 2468 561 2499 ist
579 2468 759 2499 besonders
777 2478 816 2498 an
836 2468 897 2498 den

232 2513 318 2543 aries
337 2523 377 2543 zu
396 2513 540 2551 denken3
560 2513 626 2553 vgl.
642 2513 694 2551 23,
708 2513 738 2551 4,
754 2512 789 2543 6:
809 2523 899 2544 rere-

232 2557 349 2588 czmdia
366 2561 455 2595 erat,
472 2557 524 2595 34,
543 2558 596 2593 44,
616 2559 650 2588 5:
668 2559 874 2601 spectabant.

278 2596 345 2634 29·
368 2603 463 2634 1—2.
482 2603 526 2633 JI.
543 2603 704 2643 Marcell„
720 2614 744 2634 s.
760 2614 786 2634 c.
804 2602 856 2643 27,
868 2603 896 2634 7.

231 2663 271 2666 —
291 2646 491 2687 Venusiam,
511 2647 539 2678 in
556 2649 613 2679 das
629 2646 762 2680 friihere
776 2648 897 2680 Stand-

971 1701 1064 1741 lager
1089 1701 1147 1732 des
1163 1700 1308 1743 Heeres,
1327 1711 1353 1732 s.
1372 1711 1399 1732 c.
1418 1699 1476 1741 25,
1504 1699 1560 1740 10,
1584 1710 1638 1731 um

973 1746 1138 1777 Samnium
1166 1746 1231 1776 und
1256 1746 1397 1788 Apulien
1428 1756 1469 1776 zu
1499 1745 1637 1786 decken,

971 1793 1035 1822 wie
1078 1791 1248 1833 Crispinus
1297 1791 1403 1823 selbst
1441 1789 1637 1832 Canipanien

972 1836 1130 1868 schiitzen
1155 1847 1195 1867 zu
1218 1837 1350 1868 iniissen
1376 1836 1507 1877 glaubt3
1533 1835 1639 1867 Luca-

972 1882 1046 1913 nien
1066 1882 1155 1913 steht
1177 1881 1248 1913 also
1267 1881 1429 1913 Hannibal
1447 1881 1573 1913 wieder
1589 1878 1639 1912 of-

971 1925 1036 1958 fen.
1050 1945 1095 1950 —
1107 1926 1283 1966 abducere,
1298 1937 1325 1958 s.
1342 1927 1369 1965 1,
1385 1926 1416 1967 6,
1434 1927 1470 1958 1:
1488 1936 1639 1958 avocare.

972 1991 1015 1995 —
1032 1974 1165 2014 patiens
1188 1973 1233 2004 ist
1256 1971 1315 2004 auf
1327 1973 1504 2015 profectus
1523 1982 1563 2002 zu
1581 1971 1640 2002 be-

971 2017 1100 2058 ziehen,
1128 2017 1238 2049 dieses
1268 2017 1374 2049 selbst
1397 2018 1455 2049 ist:
1487 2015 1546 2048 auf
1567 2017 1638 2047 dem

972 2062 1141 2101 Μαι-30116,
1169 2063 1252 2093 denn
1277 2063 1471 2093 schwerlich
1497 2062 1576 2092 liess
1602 2071 1639 2092 er

971 2107 1032 2138 den
1048 2107 1179 2138 Bericht
1192 2111 1263 2138 erst
1276 2117 1340 2138 von
1356 2106 1465 2149 Capua
1479 2106 1636 2146 abgehen.

1017 2150 1115 2182 3—6.
1146 2150 1303 2190 Tarento,
1321 2162 1373 2183 wo
1391 2163 1454 2184 von
1472 2152 1534 2182 den
1554 2152 1638 2182 zwei

970 2196 1154 2236 Legionen,
1179 2207 1204 2227 s.
1225 2208 1252 2228 c.
1271 2196 1329 2237 22,
1349 2196 1378 2235 2,
1398 2208 1460 2228 nur
1477 2197 1551 2228 eine
1569 2196 1638 2227 Ab-

970 2242 1120 2281 theilung
1137 2242 1242 2281 stand,
1262 2242 1313 2272 die
1327 2242 1447 2282 jedocli
1462 2242 1561 2273 durch
1576 2242 1637 2282 dpn

969 2286 1109 2317 Verlust
1127 2297 1154 2317 c.
1170 2286 1211 2317 26
1227 2287 1411 2318 bedeutend
1428 2287 1640 2327 geschwiicht

970 2341 1124 2371 gewesen
1148 2333 1218 2363 sein
1241 2342 1341 2363 muss.
1367 2351 1408 2354 —
1426 2343 1467 2364 ne
1483 2351 1526 2354 —
1544 2342 1635 2364 conc.

970 2388 1042 2418 ag„
1067 2387 1129 2407 von
1154 2378 1226 2408 dem
1245 2377 1370 2417 Begrifl'
1390 2378 1448 2408 der
1466 2377 1589 2408 Furcht
1606 2377 1636 2407 in

971 2422 1132 2453 sollicitus
1165 2422 1326 2462 abbiingig
1355 2423 1418 2453 und
1446 2422 1638 2461 Erkl'zirung

973 2478 1013 2497 zu
1035 2467 1076 2498 de
1104 2467 1265 2507 Tarento,
1292 2468 1357 2507 vgl.
1376 2467 1434 2506 29,
1461 2467 1519 2507 21,
1546 2467 1576 2498 S.
1593 2485 1636 2488 —

971 2512 1034 2543 hae
1050 2512 1096 2543 lit.
1115 2517 1188 2551 etc,
1208 2513 1266 2544 der
1281 2513 1382 2544 Senat
1397 2513 1523 2543 sclieint
1537 2512 1637 2543 durch

972 2557 1084 2588 diesen
1105 2558 1236 2588 Bericht
1261 2558 1311 2588 die
1330 2563 1420 2588 erste
1438 2556 1554 2588 Hunde
1571 2567 1635 2587 von

971 2603 1041 2632 dem
1058 2601 1165 2634 Unfall
1180 2604 1328 2634 erhalten
1344 2615 1384 2634 zu
1398 2604 1512 2641 baben,
1528 2614 1553 2635 s.
1568 2603 1589 2645 ξ
1605 2603 1635 2634 2.

970 2665 1014 2669 -
1026 2647 1183 2688 Fabiam,
1199 2658 1225 2679 s.
1241 2648 1294 2689 24,
1304 2648 1396 2688 43,9.
1411 2667 1454 2671 —
1468 2648 1513 2680 ad
1522 2658 1635 2681 eoeerc.

1668 850 1708 883 10

1668 1413 1709 1445 20
