1784 2967
134 278 160 296 a.
176 269 229 296 011.
244 270 305 294 211.
598 258 725 292 LIBER
743 258 870 292 XXVI.
905 258 996 293 CAP.
1017 260 1068 293 13.

1455 262 1532 302 231

133 363 285 403 hiscum
318 363 451 401 ultima
488 361 657 414 pericula
693 366 730 399 et
754 360 1003 411 gravissimos
1029 362 1181 402 labores
1211 362 1404 415 perpessi,
1439 363 1538 403 circa

131 419 272 458 vallum
299 431 343 458 ac
367 420 495 458 fossas
524 430 638 469 saepe
667 417 867 464 trucidati,
896 430 939 456 ac
959 430 1081 469 prope
1102 420 1147 457 ad
1169 426 1382 458 extremum
1401 420 1537 459 castris

133 475 249 514 exuti.
287 475 353 514 sed
377 476 513 514 omitto
536 475 645 513 haec:
666 478 776 512 vetus
798 478 911 524 atque
930 474 1069 513 usitata
1090 488 1150 513 res
1173 482 1232 515 est
1248 476 1287 514 in
1305 488 1536 528 oppugnan-
1565 486 1585 517 9

132 532 178 570 da
204 531 377 570 hostium
405 532 501 571 urbe
527 531 680 569 labores
709 542 752 568 ac
777 530 945 580 pericula
971 530 1061 581 pati.
1104 531 1193 570 illud
1220 533 1296 571 irae
1326 538 1438 583 atque
1459 532 1537 571 odii

84 595 103 625 5
132 588 379 640 inexpiabilis
400 587 699 637 execrabilisque
720 586 903 625 indicium
925 591 1001 624 est:
1023 586 1210 626 Hannibal
1232 589 1448 639 ingentibus
1468 602 1538 628 co-

131 644 206 696 piis
239 644 414 696 peditum
449 644 701 695 equitumque
729 648 850 682 castra
880 643 1116 694 oppugnavit
1142 649 1178 682 et
1210 656 1253 682 ex
1284 650 1392 694 parte
1420 645 1536 696 cepit:

129 706 236 739 tanto
274 701 444 751 periculo
477 700 572 739 nihil
606 699 702 738 moti
741 704 832 738 sunt
863 699 909 738 ab
938 699 1162 746 obsidione,
1202 701 1400 750 profectus
1428 706 1535 740 trans

130 756 359 796 Vulturnum
388 756 560 808 perussit
580 756 762 795 Calenum
785 768 939 805 agrum:
966 756 1060 794 nihil
1087 761 1191 795 tanta
1213 756 1410 795 sociorum
1434 757 1537 796 clade

131 813 275 852 avocati
304 819 412 860 sunt,
439 813 484 852 ad
507 813 633 864 ipsam
655 812 792 851 urbem
814 813 978 851 Romam
1001 812 1138 850 infesta
1162 813 1270 862 signa
1290 812 1381 851 ferri
1404 812 1534 852 iussit:

130 881 212 907 ean]
235 881 389 920 quoque
409 874 677 920 tempestatem
699 868 967 907 imminentem
989 874 1237 919 spreverunt,
1266 874 1536 919 transgressus

129 925 311 965 Anienem
339 938 493 964 amnem
520 926 591 964 tria
621 925 720 963 milia
749 938 909 976 passum
938 925 984 963 ab
1015 925 1106 963 urbe
1135 930 1258 964 castra
1286 926 1434 976 posuit,
1462 938 1537 977 po-

128 986 274 1020 stremo
305 983 350 1021 ad
378 983 532 1021 moenia
563 982 647 1032 ipsa
669 986 706 1019 et
726 982 772 1020 ad
795 987 928 1032 portas
950 981 1125 1027 accessit,
1152 981 1316 1020 Romam
1340 994 1381 1019 se
1402 982 1535 1021 adem-

128 1043 286 1089 pturum
315 1038 386 1085 eis,
415 1038 490 1076 nisi
518 1039 742 1076 omitterent
761 1037 953 1089 Capuam,
984 1037 1171 1076 ostendit:
1203 1049 1283 1076 non
1306 1038 1534 1077 omiserunt.

128 1094 230 1133 feras
261 1095 421 1141 bestias,
452 1107 566 1133 caeco
595 1095 742 1144 impetu
770 1106 812 1132 ac
832 1094 935 1133 rabie
956 1094 1187 1140 concitatas,
1217 1094 1250 1132 si
1271 1093 1316 1132 ad
1340 1094 1477 1133 cubilia
1499 1099 1537 1133 et

1568 601 1608 633 10

1567 824 1604 856 11

61 879 101 912 10

1568 1101 1607 1134 12

61 1158 100 1191 15
129 1151 274 1189 catulos
303 1164 434 1190 earum
462 1152 517 1190 ire
544 1163 699 1202 pergas,
727 1150 774 1189 ad
797 1163 912 1201 opem
935 1150 1017 1188 suis
1037 1150 1235 1188 ferendam
1259 1156 1422 1189 avertas:
1454 1150 1534 1189 Ro-
1566 1161 1606 1193 13

127 1220 265 1246 manos
282 1208 405 1246 Roma
427 1208 694 1253 circumsessa,
716 1207 899 1256 coniuges
920 1206 1041 1252 liberi,
1064 1219 1229 1257 quorum
1253 1207 1425 1257 ploratus
1446 1207 1535 1246 hinc

125 1275 251 1314 prope
272 1263 590 1308 exaudiebantur,
615 1275 701 1302 arae
722 1262 810 1309 foci,
833 1263 947 1301 deum
969 1262 1124 1301 delubra
1147 1263 1320 1314 sepulcra
1341 1263 1534 1302 maiorum

125 1324 310 1358 temerata
331 1332 374 1358 ac
391 1319 528 1358 violata
546 1332 565 1357 a
583 1320 711 1370 Capua
727 1331 808 1358 non
826 1324 1065 1358 averterunt:
1086 1325 1190 1358 tanta
1208 1319 1364 1358 aviditas
1384 1319 1534 1371 suppli-

127 1375 173 1414 cii
200 1376 421 1427 expetendi,
448 1381 554 1414 tanta
575 1375 776 1426 sanguinis
798 1376 924 1415 nostri
946 1375 1144 1414 hauriendi
1166 1381 1224 1414 est
1244 1375 1339 1414 sitis.
1381 1388 1452 1414 nec
1473 1376 1532 1414 in-

55 1440 97 1473 20
126 1432 220 1471 iuria
241 1432 424 1471 forsitan:
456 1444 529 1471 nos
553 1445 707 1483 quoque
729 1432 829 1470 idem
850 1432 1100 1477 fecissemus,
1130 1432 1162 1470 si
1185 1433 1271 1471 data
1292 1432 1447 1470 fortuna
1470 1444 1533 1470 es-

130 1495 198 1527 set.
239 1488 367 1540 itaque
383 1489 566 1539 quoniam
585 1489 692 1527 aliter
708 1488 766 1526 dis
783 1488 1069 1527 immortalibus
1086 1494 1145 1527 est
1161 1488 1297 1535 visum,
1320 1500 1407 1527 cum
1425 1501 1534 1526 mor-

124 1550 202 1584 tem
223 1558 273 1584 ne
293 1558 473 1584 recusare
494 1545 648 1597 quidem
666 1544 838 1592 debeam,
863 1545 1056 1584 cruciatus
1075 1545 1416 1596 contumeliasque,
1439 1557 1534 1595 quas

1565 1387 1606 1419 14

863 1645 994 1684 dikate3
1033 1648 1201 1677 temerare
1229 1645 1312 1676 wird
1346 1645 1528 1676 besonders

863 1701 926 1723 von
943 1691 1002 1722 der
1015 1691 1237 1730 Entweihung
1250 1690 1390 1730 heiliger
1405 1689 1537 1730 Gegen-

126 1645 259 1676 zweite.
277 1663 321 1668 —
336 1656 443 1688 prope
466 1646 583 1685 geho'rt
605 1656 646 1676 zu
664 1646 790 1677 castris

127 1691 237 1729 excuti,
261 1700 287 1722 s.
314 1690 367 1732 23,
390 1691 444 1731 31,
471 1691 504 1722 7:
540 1692 578 1723 ob
602 1692 742 1732 egregie
758 1692 792 1722 in

123 1738 291 1778 praetura
307 1746 363 1767 res
378 1739 505 1777 gestas,
522 1736 588 1775 vgl.
608 1746 649 1766 zu
667 1735 720 1775 23,
738 1735 792 1776 27,

127 1780 306 1821 43serme,
326 1780 377 1820 21,
394 1780 446 1821 52,
465 1781 501 1819 93
521 1780 574 1819 33,
593 1781 623 1819 5,
642 1780 673 1811 9.

173 1824 294 1855 9—11.
319 1827 489 1868 inempiab.
509 1825 795 1868 oderimplacabz'-

128 1868 178 1910 lis,
197 1880 224 1900 s.
243 1880 269 1900 c.
292 1869 342 1909 14,
358 1869 396 1908 2;
430 1870 483 1910 25,
505 1869 555 1908 16,
585 1869 635 1908 12,
666 1870 795 1901 scheint

128 1924 191 1945 vor
219 1914 482 1957 execrabili'sque
510 1913 728 1955 ausgefallen.
752 1932 797 1937 -—-

126 1960 334 2000 ingentibus,
353 1969 378 1990 s.
399 1970 425 1991 c.
446 1961 476 2000 5,
494 1959 521 2001 3,
539 1960 583 1991 ist
599 1960 662 1991 wie
680 1970 725 1991 επ
739 1970 796 2003 pa.

128 2014 156 2035 c.
191 2005 396 2035 rhetorische
436 2004 714 2044 Uebertreibung.
752 2022 798 2026 -

126 2051 287 2092 perussit,
307 2060 333 2082 s,
354 2049 406 2088 10,
424 2050 474 2090 17,
493 2049 525 2080 1:
545 2060 602 2081 eos
616 2067 659 2072 -—
677 2049 797 2081 bellum

128 2094 221 2126 domi
241 2094 433 2126 Romanum
465 2096 595 2126 urebat.
639 2094 798 2126 Calenum

128 2139 173 2170 ist
206 2150 266 2170 nur
294 2140 343 2171 als
374 2140 518 2181 Beispiel
540 2137 726 2180 angeffibrt.
750 2157 796 2162 —-

129 2185 262 2215 avocati
278 2196 307 2215 s.
325 2196 356 2215 n.
374 2185 500 2216 wieder
516 2187 557 2217 ab
576 2184 757 2216 obsidione.

179 2228 321 2260 12—-13,
337 2230 444 2270 seras
461 2234 525 2261 etc.
544 2229 794 2271 Amplifikatiou

131 2273 195 2304 und
214 2273 433 2314 Steigerung‚
460 2285 486 2306 s.
505 2275 535 2314 7,
553 2275 585 2314 4,
604 2274 638 2305 6:
663 2285 706 2306 ne
721 2286 797 2306 mu-

132 2320 184 2349 tas
201 2318 330 2359 quidem
350 2320 486 2350 bestias.
499 2321 606 2352 ——ire
621 2330 666 2363 p.,
680 2319 800 2351 darauf

130 2362 272 2403 losgeht,
288 2373 313 2396 s.
333 2363 384 2405 21,
404 2363 457 2402 22,
475 2364 506 2395 9.
524 2382 568 2387 —
581 2364 752 2406 ploratus,
768 2376 796 2396 s.

131 2407 191 2447 23,
215 2408 274 2448 42,
298 2409 328 2439 5.
346 2426 391 2431 —-
415 2410 532 2450 arus,
560 2409 594 2448 5,
620 2408 678 2449 30,
706 2411 734 2441 1.
753 2428 798 2433 —-

132 2452 230 2484 deum
256 2453 286 2484 d.
313 2465 342 2484 s.
367 2454 439 2484 sind
463 2454 513 2484 als
538 2454 658 2485 zweite
680 2453 796 2486 Classe

133 2498 311 2538 religioser
341 2497 591 2538 Gegenstiinde,
621 2509 662 2530 zu
692 2499 797 2531 denen

133 2543 214 2574 auch
229 2544 281 2574 die
295 2544 356 2574 den
376 2544 437 2574 diis
450 2543 598 2574 manibus
613 2545 797 2584 geweihten
832 2550 836 2555 “

135 2586 265 2619 Griiber
292 2589 472 2628 gehorten,
506 2599 532 2619 s.
563 2587 692 2620 Preller
721 2589 798 2629 481,

133 2632 399 2665 nebeneinander
427 2633 582 2673 gestellt3
616 2632 675 2664 auf
704 2635 798 2666 beido

133 2676 269 2709 Classen
287 2678 444 2710 beziehen
463 2678 532 2709 sich
549 2678 600 2710 die
618 2677 698 2719 folg.
715 2679 798 2711 Prii-

865 1736 982 1767 st'ainde
997 1735 1187 1775 gebraucht.
1208 1738 1310 1776 tanta,
1325 1746 1351 1766 s.
1369 1746 1395 1766 c.
1414 1735 1465 1774 12,
1483 1734 1536 1766 13.

865 1781 934 1812 Der
963 1780 1042 1812 Satz
1071 1781 1150 1820 geht
1177 1780 1236 1811 aur
1260 1781 1312 1811 die
1349 1779 1534 1821 propositio

866 1825 887 1866 ξ
897 1825 915 1855 3
930 1825 1010 1867 quid
1021 1826 1107 1867 ipsis
1119 1824 1316 1868 patiendum
1330 1827 1376 1856 sit
1388 1824 1512 1855 zuriick
1524 1834 1533 1864 3

868 1871 927 1902 der
945 1874 1035 1901 erste
1050 1869 1146 1901 Theil
1160 1870 1336 1900 derselben
1353 1869 1535 1911 quz'dsact.

863 1916 1003 1957 fuerint
1030 1915 1113 1945 wird
1150 1915 1240 1946 nicht
1267 1915 1386 1945 weiter
1414 1924 1536 1954 ausge-

868 1959 970 2000 ffihrt,
990 1960 1132 1991 sondern
1152 1970 1214 1990 nur
1231 1958 1252 2000 ξ
1269 1959 1309 1990 14
1327 1959 1535 1999 wiederholt,

868 2015 922 2036 um
946 2005 1091 2045 sogleich
1116 2005 1175 2036 mit
1191 2006 1303 2046 itaque
1325 2005 1384 2035 den
1409 2015 1450 2035 zu
1467 2003 1537 2035 fas-

870 2050 994 2081 senden
1013 2049 1211 2082 Entschluss
1229 2048 1473 2091 anzukniipfen.
1492 2067 1537 2072 —

864 2096 1019 2137 forsitan
1065 2094 1311 2134 nachtriigliche
1350 2094 1535 2125 Beschr'aein-

869 2140 969 2180 kung,
988 2140 1054 2180 vgl.
1074 2139 1164 2171 Curt.
1185 2139 1215 2179 8,
1237 2139 1287 2180 11,
1308 2140 1342 2171 7:
1360 2139 1535 2171 muliebri-

869 2188 921 2217 ter
927 2186 1099 2227 forsitan.

918 2230 1060 2261 14—15.
1086 2230 1256 2272 quoniam,
1277 2229 1353 2259 weil
1376 2229 1433 2259 das
1448 2228 1534 2259 Fac-

869 2279 937 2306 tum
955 2275 1080 2306 bereits
1094 2275 1299 2314 eingetreten
1319 2273 1378 2311 ist,
1399 2284 1474 2304 cum
1492 2273 1533 2304 im

868 2319 964 2360 Folg.
979 2321 1062 2351 ohne
1076 2320 1150 2351 eine
1163 2319 1275 2350 solche
1288 2318 1536 2358 Beziehung.—

868 2376 969 2397 ηε-
982 2365 1070 2407 quid.
1096 2365 1140 2395 ist
1163 2374 1224 2394 nur
1248 2363 1450 2403 gesteigerte
1468 2362 1536 2394 Ne—

870 2411 999 2450 gation:
1018 2411 1058 2442 da
1076 2410 1125 2440 ich
1145 2409 1176 2440 in
1196 2409 1322 2439 keinem
1341 2407 1446 2447 Falle,
1465 2407 1535 2439 kei-

871 2465 1042 2495 neswegs,
1082 2464 1118 2485 es
1152 2453 1402 2484 zuriickweisen
1438 2452 1535 2493 kann,

871 2501 948 2531 dass
965 2511 997 2531 u.
1016 2511 1042 2531 s.
1060 2509 1102 2530 w.
1122 2499 1181 2536 (als
1198 2500 1317 2529 auctor
1333 2497 1535 2539 delectionis

871 2555 943 2576 war
966 2546 1029 2576 ihm
1052 2545 1112 2575 der
1129 2542 1200 2574 Tod
1219 2543 1359 2582 gewiss,
1385 2553 1411 2574 s.
1431 2542 1462 2582 6,
1484 2542 1535 2582 10,

871 2589 915 2631 5),
943 2600 979 2620 so
1004 2589 1072 2620 will
1097 2588 1146 2619 ich
1177 2588 1380 2628 wenigstens
1409 2587 1535 2619 durch

871 2635 932 2666 den
951 2634 1020 2665 Tod
1045 2644 1077 2666 u.
1096 2643 1122 2664 s.
1140 2642 1183 2664 w.
1201 2651 1244 2656 —
1262 2643 1345 2674 quas
1366 2635 1485 2676 sperat
1503 2643 1535 2663 n.

871 2691 908 2712 se
930 2679 1014 2711 milei
1033 2677 1238 2716 inlaturum5
1266 2678 1347 2709 doch
1376 2677 1422 2709 ist
1442 2676 1535 2709 viell.
