1784 2967
54 829 94 861 10

51 1110 91 1142 15

132 232 158 249 a.
180 224 305 250 cuzoa.
598 213 723 246 LIBER
747 213 863 245 XXX.
912 213 1002 245 CAP.
1034 213 1060 244 1.
1450 213 1530 252 327

126 329 198 368 que
219 316 335 355 bonis
357 316 497 354 nobilis
519 315 620 354 idem
642 327 685 354 ac
706 314 810 353 dives
832 320 933 361 erat,
961 315 1088 354 forma
1110 315 1332 366 viribusque
1353 314 1532 365 corporis

127 373 349 418 excellebat,
386 372 688 411 facundissimus
722 370 935 410 habebatur
960 384 1029 410 seu
1060 384 1174 410 causa
1206 372 1368 417 oranda,
1398 384 1466 410 seu
1486 370 1533 417 ‚in

126 433 278 475 senatu,
308 429 354 467 ad
383 429 570 480 populum
600 427 786 467 suadendi
813 440 856 466 ac
883 428 1130 467 dissuadendi
1157 428 1265 467 locus
1289 433 1410 474 esset,
1439 427 1533 466 iuris

126 485 312 536 pontificii
339 485 618 536 peritissimus,
639 496 758 535 super
778 484 872 523 haec
892 484 1048 523 bellicae
1069 497 1223 535 quoque
1244 484 1366 523 laudis
1390 496 1532 523 consu-

126 542 224 580 latus
262 546 484 592 compotem
517 541 672 579 fecerat.
726 541 830 591 quod
867 540 906 578 in
936 541 1095 580 Bruttiis
1123 541 1337 591 provincia,
1365 541 1468 579 idem
1494 540 1534 578 in

125 598 275 636 Etruria
304 610 348 636 ac
373 596 579 647 Liguribus
609 596 825 635 decretum:
846 597 894 635 M.
918 597 1119 636 Cornelius
1147 609 1250 635 novo
1280 597 1427 636 consuli
1452 601 1532 636 tra-

125 654 215 692 dere
249 653 455 692 exercitum
486 653 634 699 iussus,
658 653 742 704 ipse
762 658 973 704 prorogato
1002 654 1166 705 imperio
1195 654 1351 693 Galliam
1374 653 1533 704 provin-

124 711 221 748 ciam
257 709 432 748 obtinere
467 722 554 748 cum
590 709 806 760 legionibus
835 710 898 756 iis,
929 723 1024 761 quas
1052 715 1208 761 praetor
1236 710 1275 749 L.
1305 709 1533 749 Scribonius

123 765 252 817 priore
294 778 392 804 anno
440 765 652 804 habuisset.
716 766 842 805 sortiti
884 767 1022 805 deinde
1065 767 1304 817 provincias:
1350 766 1532 817 Caepioni

121 822 279 869 Bruttii,
307 821 464 860 Servilio
488 822 650 860 Gemino
674 822 822 861 Etruria
845 823 980 861 evenit.
1020 828 1103 862 tum
1126 828 1349 874 praetorum
1371 822 1533 873 provin—

122 878 199 917 ciae
220 878 259 916 in
281 883 428 917 sortem
452 878 666 917 coniectae:
688 878 783 918 iuris
805 879 1011 919 dictionem
1031 880 1218 918 urbanam
1237 880 1375 918 Paetus
1394 879 1534 926 Aelius,

121 934 338 973 Sardiniam
355 934 397 973 Ρ.
416 934 607 979 Lentulus,
625 935 798 974 Siciliam
814 936 855 974 P.
874 936 1017 983 Villius,
1034 936 1250 974 Ariminum
1274 949 1360 975 cum
1383 935 1534 974 duabus

120 991 335 1041 legionibus
374 1014 429 1017 —
467 991 539 1030 sub
568 991 746 1030 Lucretio
774 992 916 1043 Spurio
952 1005 1017 1031 eae
1050 992 1208 1031 fuerunt
1240 1015 1293 1020 —-
1322 991 1532 1038 Quintilius

122 1046 244 1086 Varus
273 1052 330 1085 est
358 1047 532 1086 sortitus.
584 1054 620 1086 et
642 1048 819 1087 Lucretio
849 1054 1104 1100 prorogatum
1135 1049 1363 1099 imperium,
1390 1053 1433 1086 ut
1455 1048 1533 1086 Ge-

120 1115 238 1142 nuam
269 1103 454 1154 oppidum
484 1117 504 1142 a
525 1104 685 1154 Magone
705 1105 837 1143 Poeno
867 1105 1035 1143 dirutum
1065 1105 1339 1143 exaedificaret.
1380 1104 1423 1142 P.
1448 1104 1532 1143 Sci—

120 1159 228 1211 pioni
249 1171 331 1198 non
351 1162 392 1198 in
412 1160 602 1211 temporis
624 1161 690 1199 sed
712 1162 768 1199 rei
789 1162 977 1211 gerendae
997 1162 1131 1207 finem,
1156 1161 1283 1200 donec
1304 1160 1532 1200 debellatum

121 1282 219 1315 Verr.
246 1284 277 1323 4,
296 1283 349 1323 37,
369 1283 427 1315 80:
454 1294 540 1325 quae
562 1287 622 1315 aut
638 1285 793 1325 fortuna

120 1329 314 1360 hominibus
337 1331 398 1360 aut
421 1332 549 1360 natura
570 1329 728 1370 Iargz'tur.
748 1349 791 1352 —

109 1374 253 1415 forma,
282 1373 350 1412 vgl.
379 1373 439 1404 Dio
471 1372 564 1405 Cass.
588 1372 628 1405 fr.
656 1375 707 1414 57,
732 1373 791 1406 52:

120 1420 296 1453 Λικίνιος
321 1414 499 1460 Κράσσος
522 1415 658 1451 ὑπό-τε
675 1417 791 1451 ἐπιει-

120 1465 220 1499 κείας
242 1464 302 1495 καὶ
320 1461 474 1498 κάλλους
491 1460 654 1495 πλούτου
670 1475 707 1496 τε
725 1469 788 1495 etc.

119 1508 477 1550 Mitsacundissz'mus
500 1513 564 1540 etc.
582 1507 691 1549 solgen
711 1509 790 1540 wie-

120 1554 180 1585 der
204 1554 379 1585 chiastisch
404 1554 456 1585 dle
474 1553 648 1594 Vorziige,
673 1554 724 1585 die
751 1564 789 1585 er

121 1599 191 1630 sich
217 1599 324 1630 selbst
347 1599 521 1630 erworbeu
540 1600 612 1639 hat,
637 1609 663 1630 s.
683 1598 713 1639 3,
736 1599 787 1639 11,

121 1643 158 1674 6:
175 1643 220 1675 ad
236 1655 275 1675 ea
291 1654 434 1676 munera
450 1644 531 1675 data
547 1655 568 1675 (ι
585 1644 649 1675 diis
667 1647 699 1675 et
716 1645 789 1687 ipse

120 1688 298 1720 addiderat
313 1689 420 1720 multa
438 1689 514 1719 belli
528 1688 787 1730 deeorasaemz-

121 1733 277 1775 dc‘muque
293 1734 422 1775 insero
442 1737 516 1774 etc„
531 1733 596 1764 Cic.
613 1733 670 1765 Or.
686 1734 715 1774 2,
737 1734 788 1774 11,

120 1779 175 1809 45.
193 1797 237 1801 —
255 1788 357 1810 causa
372 1796 416 1800 ——
433 1777 525 1809 locus
544 1789 605 1817 esu,
629 1778 788 1809 Process-

121 1821 279 1863 fiihrung,
298 1823 409 1854 Reden
428 1823 469 1853 im
487 1823 618 1860 Senate,
638 1833 732 1853 wenn
753 1833 790 1854 er

122 1867 350 1909 aufgefordert
378 1869 493 1898 wurde
518 1868 609 1899 seine
633 1867 790 1908 Meinung

123 1924 164 1944 zu
178 1924 290 1953 sagen,
306 1914 334 1944 in
351 1914 410 1944 der
423 1912 789 1953 Volksversammlung.

121 1977 160 1981 -—
182 1959 227 1990 acl
239 1959 351 2001 popul.
376 1959 427 1989 ein
454 1959 566 1989 bartes
585 1958 789 1999 Asyndeton,

121 2003 293 2035 vielleiclit
311 2005 355 2034 ist
378 2006 439 2034 aut
461 2001 684 2043 ausgefallen,
707 2004 789 2033 auch

122 2059 163 2080 zu
191 2051 223 2080 in
250 2052 370 2080 senatu
399 2053 561 2079 erwartet
589 2058 660 2079 man
690 2049 790 2079 sebon

121 2094 180 2125 der
204 2093 388 2125 Gleichheit
417 2095 476 2125 der
501 2093 637 2125 Glieder
666 2104 789 2133 wegen,

120 2139 186 2169 und
206 2140 282 2169 weil
297 2139 409 2169 weder
427 2149 530 2170 causa
544 2150 592 2170 ον.
613 2139 693 2169 noch
709 2149 792 2170 sua-

122 2183 201 2215 dere
213 2194 252 2214 ac
266 2183 416 2215 cllssuad.
431 2185 571 2224 passend
587 2185 687 2224 wiire,
706 2184 791 2214 viel—

122 2229 214 2259 mebr
232 2229 291 2259 der
309 2229 495 2259 tecliniscbe
514 2229 689 2259 Ausdrurk
706 2230 787 2259 auch

123 2273 195 2303 hier
224 2283 259 2303 so
290 2274 371 2304 nahe
403 2274 470 2312 lag,
505 2274 555 2304 ein
586 2274 788 2305 besonderes

123 2317 293 2350 Prh'dicat:
325 2318 387 2357 vgl.
416 2317 481 2348 Cic.
507 2318 563 2349 Or.
590 2318 620 2357 3,
639 2318 690 2357 33,
710 2319 786 2350 1:34:

123 2363 203 2394 llaec
221 2364 303 2405 snit
320 2363 357 2394 P.
391 2362 511 2395 Crassi
538 2363 626 2395 illias
656 2366 787 2403 veleris,

122 2408 203 2439 haec
235 2407 282 2440 Ti.
316 2407 518 2439 Coruncanii
545 2427 587 2430 —
613 2411 788 2451 sapientia,

123 2455 180 2495 qui
208 2464 320 2485 omues
345 2455 518 2495 panifices
542 2455 788 2495 mamimt'sale-

122 2501 220 2536 runt,
244 2501 281 2529 ul
306 2499 352 2529 ad
368 2510 423 2529 eos
441 2498 480 2530 de
499 2501 651 2529 ‹tuellilms
668 2499 788 2530 (livinis

124 2543 185 2581 (bei
210 2543 247 2575 L.
272 2544 311 2574 1111
331 2544 423 2583 Folg.
451 2546 537 2575 luris
561 2546 787 2587 pwtjllperi-

123 2590 286 2627 tissinms)
311 2592 410 2629 alque
433 2590 592 2620 hnmani..-
614 2591 713 2621 rebus
736 2600 789 2621 re-

112 2634 294 2674 ferretur:
316 2634 480 2676 iidemque
503 2637 535 2666 et
557 2636 591 2665 in
612 2637 732 2666 senatu
756 2638 790 2666 et

862 1284 956 1328 apud
979 1284 1143 1328 populum
1167 1287 1199 1316 et
1220 1286 1254 1316 ‘in
1279 1287 1392 1316 causis
1406 1286 1532 1316 amico-

863 1340 940 1362 rum
969 1333 1003 1361 et
1031 1330 1123 1361 domi
1151 1332 1185 1361 et
1205 1329 1344 1361 mllc'tiae
1357 1329 1534 1361 consilium

862 1375 1141 1417 suumfidemque
1152 1377 1384 1418 praestabant.
1398 1385 1533 1406 ——szca-

863 1420 960 1451 dend.
990 1431 1011 1451 α
1036 1420 1126 1461 diss„
1154 1430 1179 1451 S.
1210 1419 1260 1461 10,
1286 1420 1365 1459 7,.1.
1384 1438 1426 1442 —
1444 1421 1533 1451 iuris

859 1475 893 1507 p.
909 1476 954 1508 p.,
973 1475 1010 1495 er
1034 1465 1079 1496 ist
1097 1465 1160 1496 seit
1178 1463 1239 1495 211
1258 1475 1287 1496 a.
1307 1464 1362 1496 Ch.
1382 1463 1533 1506 pontifex

861 1510 1039 1549 maximus,
1070 1520 1097 1540 s.
1127 1509 1181 1548 25,
1212 1510 1248 1547 53
1279 1509 1362 1541 iiber
1390 1510 1448 1540 das
1478 1511 1533 1541 ius

858 1556 984 1597 pontq'f.
1010 1565 1036 1586 s.
1058 1555 1085 1593 1,
1104 1554 1157 1593 20,
1176 1553 1213 1593 6,
1240 1554 1269 1593 6,
1292 1554 1320 1593 1,
1342 1554 1394 1593 10,
1420 1554 1532 1594 Lange

862 1600 892 1639 2,
912 1600 985 1631 159.
996 1619 1037 1622 —
1049 1610 1154 1643 super
1168 1599 1198 1630 Ιι.
1213 1600 1274 1630 wie
1289 1598 1339 1641 §4
1353 1599 1399 1631 ad
1410 1602 1532 1639 cetera,

861 1643 994 1676 worauf
1018 1645 1091 1675 bier
1115 1645 1413 1685 zuriickgegangen
1438 1645 1532 1676 wird.

861 1690 1116 1732 —comp.see.,
1135 1690 1225 1720 hatte
1242 1689 1462 1729 Gelegenheit
1476 1700 1533 1730 ge-

861 1734 964 1775 geben
985 1745 1025 1764 zu
1043 1735 1212 1773 erlangen.

910 1779 1018 1809 7—9.
1044 1780 1079 1809 in
1100 1779 1211 1810 Brutt.
1232 1779 1262 1809 in
1279 1779 1387 1818 Bezug
1405 1778 1465 1810 auf
1474 1780 1531 1810 das

862 1823 950 1854 Heer
967 1824 1008 1854 im
1028 1823 1284 1863 Bruttierlande,
1312 1834 1338 1855 s.
1359 1824 1413 1864 29,
1440 1823 1470 1863 3,
1493 1823 1530 1862 3ς

863 1868 917 1908 26,
936 1867 966 1907 2,
986 1868 1036 1898 14.
1056 1887 1099 1890 -
1116 1868 1215 1907 idem,
1230 1869 1330 1899 durch
1350 1869 1407 1899 das
1426 1868 1532 1910 Folg.,

862 1923 914 1944 wo
946 1914 1005 1944 der
1027 1913 1224 1944 Nachdruck
1252 1912 1311 1944 auf
1332 1924 1416 1945 novo
1441 1924 1531 1946 cons.

864 1958 962 1998 liegt,
989 1958 1127 1990 erkliirt.
1145 1976 1187 1981 —
1207 1958 1336 1990 Cornel.
1354 1977 1398 1981 -—
1411 1957 1531 1997 Scrib„

862 2003 916 2043 29,
938 2002 988 2035 13.
1006 2021 1049 2026 —
1069 2003 1166 2047 Caep.
1185 2002 1281 2035 Serv.
1302 2002 1402 2045 Gom„
1422 2014 1448 2035 s.
1464 2003 1484 2046 ξ
1503 2005 1530 2035 1.

862 2066 906 2071 —
923 2048 1018 2079 Paet.
1037 2049 1123 2089 Ael.,
1143 2060 1170 2080 s.
1191 2049 1243 2089 27,
1263 2048 1293 2088 6,
1318 2049 1375 2087 173
1402 2048 1456 2089 26,
1476 2049 1530 2089 22,

865 2093 916 2124 13.
930 2112 973 2116 —
989 2095 1121 2131 Α1·ἱ1η.;
1140 2094 1216 2125 dass
1234 2095 1293 2125 der
1306 2094 1430 2125 Consul
1445 2099 1530 2126 etwa

863 2139 914 2169 die
944 2137 1208 2178 Hriegfiilirung,
1239 2140 1298 2169 der
1328 2139 1448 2170 Priitor
1477 2140 1529 2170 die

863 2183 1151 2223 Ver-walu1ng‹les
1162 2184 1298 2214 Bezirks
1308 2184 1529 2223 gehabthabe,

862 2229 943 2267 livgt
968 2230 1056 2259 nicht
1074 2230 1102 2259 in
1122 2229 1182 2259 den
1204 2228 1363 2268 VVorten,
1390 2229 1456 2268 vgl.
1476 2229 1529 2269 29,

864 2275 914 2313 13,
930 2273 968 2313 23
994 2274 1047 2313 253,
1066 2273 1249 2313 3S,13.—-
1265 2273 1398 2305 Lucret.
1414 2273 1484 2317 Sp„
1503 2284 1529 2305 s.

866 2318 891 2359 1,
911 2319 963 2358 56,
988 2319 1043 2352 ll:
1064 2329 1124 2349 zur
1142 2319 1245 2349 savhe
1265 2319 1317 2358 29,
1340 2319 1389 2350 13.
1408 2338 1447 2341 —
1469 2318 1528 2351 Ge—

862 2375 976 2401 nuam,
993 2364 1087 2403 Mago
1107 2364 1162 2394 bat
1180 2364 1231 2394 die
1250 2364 1346 2395 stadt
1365 2365 1454 2395 nicht
1471 2364 1523 2395 be-

864 2410 1002 2450 lmupton
1024 2409 1152 2440 kiinnen
1173 2409 1253 2439 oder
1267 2407 1484 2449 aufgegebeu,
1501 2419 1526 2440 s.

861 2454 914 2491 28,
934 2455 986 2492 46,
1006 2456 1035 2485 S.

910 2500 992 2529 10-⁴
1014 2499 1063 2529 11.
1099 2510 1163 2530 non
1188 2501 1219 2530 [η
1238 2500 1415 2540 —finenm
1440 2500 1529 2530 nicht

861 2543 914 2575 siit·
944 2545 1015 2574 eine
1046 2544 1231 2575 bestiinnite
1256 2544 1347 2583 Zeit,
1379 2544 1441 2575 wie
1470 2554 1527 2583 ge-

862 2590 1032 2630 uiilinliclx,
1047 2590 1187 2620 sondern
1205 2589 1252 2620 bis
1268 2600 1297 2620 u.
1315 2600 1340 2619 S.
1352 2601 1404 2629 w,
1417 2589 1526 2630 Lange

864 2634 891 2674 1,
911 2635 986 2673 541,
1005 2634 1070 2674 vgl.
1090 2634 1143 2675 34,
1163 2635 1192 2675 6,
1212 2635 1246 2665 4ε
1264 2646 1328 2667 71071
1347 2637 1379 2667 in
1395 2637 1527 2679 tempus

1562 490 1582 522 6

1562 548 1581 579 7

1564 1115 1604 1148 10
