1784 2967
218 246 298 286 204
630 240 754 272 Lmen
778 238 934 273 mmm,
981 239 1075 271 CAP.
1101 238 1156 270 34.

603 320 620 337 f.

216 352 388 394 accusat,
426 357 512 385 cum
548 343 650 383 velut
677 342 905 394 contagione
932 342 1097 394 quadam
1125 340 1306 392 pestifera
1332 352 1413 380 non
1439 341 1618 392 Ilergetes

219 404 337 444 modo
363 409 401 442 et
422 399 599 441 Lacetani
622 401 689 440 sed
711 405 836 440 castra
857 412 1012 452 quoque
1032 398 1206 437 Romana
1228 397 1466 437 insanierint.
1506 410 1619 437 suam

217 461 373 513 quidem
408 463 446 498 et
478 457 607 498 fratris
644 463 682 496 et
714 457 951 509 reliquorum
974 455 1219 508 popularium
1242 468 1324 494 eam
1349 455 1618 494 condicionem

215 530 312 565 csse,
333 521 375 555 ut
394 520 476 563 aut,
499 515 531 554 si
552 515 603 554 ita
623 514 814 561 videatur,
835 514 997 553 reddant
1017 512 1196 564 spiritum
1219 511 1260 550 P.
1284 511 1459 562 Scipioni
1480 511 1526 550 ab
1549 524 1619 550 eo·-

216 575 301 613 dem
325 573 386 612 illo
409 577 626 624 acceptum,
656 577 721 611 aut
746 571 884 611 servati
913 570 972 609 bis
1001 570 1066 609 uni
1088 569 1256 608 debitam
1277 568 1392 607 vitam
1414 580 1486 619 pro
1509 580 1554 606 eo
1577 567 1617 606 in

215 635 444 681 perpetuum
476 630 696 668 devoveant.
743 633 853 666 antea
881 627 920 665 in
949 639 1062 665 causa
1091 638 1159 665 sua
1188 625 1367 664 fiduciam
1397 624 1469 663 sibi
1495 624 1618 663 fuisse

213 688 390 726 nondum
424 690 580 737 experta
611 685 808 724 clementia
831 683 931 730 eius;
961 694 1066 722 nunc
1092 687 1225 721 contra
1254 682 1396 721 nullam
1425 681 1463 720 in
1492 692 1617 726 causa,

215 756 370 783 omnem
399 743 439 781 in
460 741 726 781 misericordia
748 740 904 779 victoris
927 752 1036 790 spem
1060 739 1226 790 positam
1250 739 1402 779 habere.
1444 750 1532 776 mos
1553 750 1618 775 ve-

217 806 342 840 tustus
369 805 452 838 erat
472 798 676 844 Romanis,
707 810 794 836 cum
824 809 899 847 quo
930 808 999 834 nec
1026 796 1184 834 foedere
1210 807 1284 834 nec
1310 792 1618 846 aequis'legibus

213 857 435 908 iungeretur
457 855 638 900 amicitia,
669 867 750 893 non
777 854 885 904 prius
913 851 1078 904 imperio
1107 852 1146 890 in
1173 864 1260 890 eum
1281 857 1479 902 tamquam
1502 863 1619 901 paca-

213 919 296 953 tum
318 914 384 960 uti,
406 925 521 964 quam
544 911 675 950 omnia
697 910 822 950 divina
843 911 1090 960 humanaque
1112 909 1337 955 dedidisset,
1368 908 1524 947 obsides
1553 920 1618 945 ac-

213 1036 340 1068 sehickt
354 1036 448 1075 wird,
462 1036 548 1067 l'zisst
563 1035 630 1066 sich
644 1044 703 1065 aus
713 1032 778 1065 L'.s
795 1033 880 1064 Dar-

214 1077 359 1122 stellung
379 1082 469 1112 nicht
492 1081 672 1111 erkennen.
698 1098 743 1102 —
767 1082 881 1110 eastra

212 1128 391 1162 -insan..
406 1137 432 1157 s.
449 1137 476 1157 c.
496 1127 522 1165 1,
538 1126 568 1156 S.
584 1145 622 1147 —
640 1124 794 1164 reddant,
817 1125 880 1155 ihm

213 1172 463 1212 zuriickgeben,
487 1172 548 1202 den
568 1170 638 1202 Tod
658 1170 761 1209 willig
778 1169 879 1200 erlei—

212 1218 274 1249 den
293 1218 442 1249 wollten.
460 1235 504 1239 —
521 1218 652 1248 servati
667 1216 718 1247 bis
736 1216 780 1246 ist
799 1226 878 1246 con-

212 1263 350 1294 ditional
362 1273 370 1294 ε
385 1264 417 1294 sz'
424 1265 472 1294 bis
486 1263 614 1293 serrati
612 1261 802 1302 fuerimus,
813 1261 878 1300 vgl.

212 1308 265 1348 29,
287 1308 337 1347 14,
357 1310 387 1347 9,
405 1309 443 1339 da
462 1308 511 1338 sie
530 1311 601 1338 erst
618 1306 754 1345 eimnal,
779 1316 805 1337 s.
824 1306 878 1345 27,

215 1353 264 1395 17,
283 1353 431 1384 erhalten
451 1353 538 1393 sind,
564 1352 628 1383 und
648 1352 724 1382 dass
743 1361 778 1381 es
797 1351 878 1382 wie—

212 1399 271 1429 der
288 1399 472 1439 geschehen
491 1398 612 1436 werde,
632 1401 704 1428 erst
722 1397 803 1427 noch
823 1407 877 1427 er-

212 1448 334 1475 wartet
347 1444 441 1475 wird.
455 1462 499 1466 —-
513 1453 627 1484 eausa,
647 1442 737 1473 ihrer
752 1442 876 1481 (guten)

212 1488 610 1528 Sueba—misericord„
626 1487 806 1518 Erbarmen
820 1488 878 1518 init

212 1534 314 1566 ihrem
347 1534 513 1574 Ungliick3
546 1533 669 1564 vorher
693 1532 878 1572 elementia,

213 1579 393 1611 Naehsicht
424 1580 482 1610 des
509 1578 740 1610 Machthabers
772 1588 876 1618 gegen
894 1612 904 1614 ἡ

214 1624 394 1656 Fehleode.

260 1715 290 1746 7.
306 1725 381 1746 mos
396 1718 470 1755 ret„
486 1725 512 1746 S.
532 1715 559 1754 1,
575 1714 627 1753 38,
647 1713 659 1744 1
673 1712 712 1751 f.;
728 1714 780 1744 die
795 1714 880 1745 Sitte

214 1760 297 1791 wird
316 1771 378 1791 nur
396 1761 563 1800 erwiihnt,
587 1759 664 1790 weil
681 1759 789 1801 Scipio
815 1769 879 1789 von

214 1805 390 1836 derselben
407 1806 633 1837 abweicht.—
646 1815 718 1835 eum
731 1815 794 1846 quo
804 1809 879 1846 etc„

214 1851 397 1882 wennltom
407 1848 881 1882 entwedernacheineinHrie-

213 1906 253 1936 ge
268 1897 348 1927 oder
363 1897 446 1927 ohne
461 1897 551 1927 diese
561 1895 810 1935 Vei-anlassung
824 1895 882 1926 mit

214 1942 317 1973 einem
336 1940 482 1973 fremden
499 1941 606 1972 Volke
628 1941 657 1971 in
673 1941 722 1971 ein
739 1942 880 1971 niiheres

215 1986 425 2018 Verh'dltniss
440 1992 549 2018 treten
565 1987 691 2025 wollte,
707 1996 742 2016 so
757 1986 880 2016 konnte

214 2032 324 2063 dieses
341 2031 400 2062 auf
415 2031 580 2063 dreifnche
600 2032 716 2062 &Veise
741 2031 879 2071 gesche-

214 2077 293 2115 hen;
313 2078 380 2117 vgl,
396 2076 448 2115 34,
464 2077 516 2115 57,
536 2077 569 2107 7:
588 2087 662 2108 esse
675 2078 742 2107 tria
753 2086 882 2117 genera

210 2122 400 2163 foederum,
425 2123 544 2164 quibus
562 2123 652 2153 inter
674 2132 710 2152 se
731 2123 880 2164 pacisce-

214 2170 334 2200 rentur
350 2169 519 2200 amic-ilias
537 2169 688 2198 civitates
704 2176 878 2208 regesque.

214 2224 319 2245 unum
344 2224 418 2245 eum
450 2213 530 2245 bello
562 2213 658 2244 victis
690 2212 881 2243 dicerentur

214 2258 316 2299 leges.
341 2277 385 2281 -—
408 2258 553 2290 alierum
578 2268 653 2289 cum
677 2268 778 2301 pares
796 2256 878 2288 bello

214 2303 473 2345 aequosoedei³e
489 2306 520 2335 in
539 2314 656 2347 paoem
672 2306 772 2344 atque
794 2304 878 2333 ami-

214 2352 324 2380 cilt‘am
340 2350 501 2381 venirent.
512 2368 550 2371 —
571 2351 707 2380 tertium
722 2358 808 2389 cum,
823 2348 881 2388 qui

214 2405 397 2436 numquam
420 2395 700 2435 l10.s·1‘esfue1·e‘ut,
725 2393 771 2424 acl
791 2395 879 2425 ami—

216 2442 326 2471 citiam
345 2440 463 2471 sociali
474 2440 616 2480 foedere
638 2442 727 2470 iuter
749 2450 786 2470 se
802 2441 878 2470 iun-

212 2485 358 2526 gendam
387 2488 521 2523 (vermi,
551 2496 608 2516 eos
636 2496 741 2526 neque
769 2484 880 2516 dicere

214 2541 319 2572 neque
335 2533 484 2572 accipere
507 2531 608 2572 leges.
642 2530 691 2561 An
711 2541 740 2560 u.
762 2530 809 2560 St.
835 2530 880 2560 ist

205 2575 339 2616 foedus
374 2577 414 2606 im
449 2575 659 2615 Gegensatze
695 2586 736 2606 zu
764 2576 879 2616 aequis

216 2619 453 2660 leg-„weniger
476 2631 582 2660 genau
612 2621 809 2660 gebrant-hm
842 2629 878 2650 es

216 2664 301 2695 kann
333 2667 503 2697 entweder
530 2666 581 2697 die
616 2666 730 2697 beiden
766 2670 879 2697 ersten

952 1033 1012 1064 der
1040 1032 1122 1063 eben
1156 1032 1348 1063 erw'zibnten
1384 1030 1521 1062 Classen
1554 1041 1618 1063 von

940 1077 1103 1120 foedera,
1121 1078 1179 1109 das
1194 1088 1347 1120 aequum,
1367 1087 1394 1108 c.
1413 1077 1467 1117 45,
1485 1076 1537 1118 20,
1554 1076 1620 1107 und

951 1134 1016 1154 non
1035 1134 1188 1165 aequum,
1201 1123 1299 1163 jedes
1318 1122 1497 1161 Biindniss,
1517 1123 1619 1155 durch

951 1169 1096 1200 welches
1115 1170 1165 1199 ein
1184 1167 1374 1199 friedliches
1393 1168 1457 1198 und
1482 1166 1620 1199 freund-

952 1214 1054 1245 liches
1081 1213 1292 1245 Verh'a'ltniss
1317 1213 1502 1252 begriindet
1525 1214 1622 1256 wird,

952 1257 1118 1290 unifassen
1131 1284 1139 1299 ,
1163 1261 1277 1300 aequis
1295 1258 1426 1300 legibus
1444 1259 1538 1289 einen
1558 1269 1620 1290 nur

951 1305 1196 1344 gegenseitiges
1214 1303 1436 1336 Wohlwollen
1457 1303 1547 1335 nieht
1564 1314 1621 1344 ge-

952 1350 1135 1389 genseitige
1161 1349 1362 1389 Leistungen
1393 1349 1618 1388 bedingenden

952 1394 1097 1434 Vertrag
1116 1395 1326 1433 bezeichnen,
1345 1404 1371 1425 s.
1392 1394 1457 1425 Cic.
1479 1394 1567 1425 ssalh.
1586 1395 1618 1435 9,

952 1439 1010 1470 23:
1030 1451 1113 1482 quae
1127 1443 1180 1471 est
1190 1442 1256 1471 ista
1268 1441 1411 1471 societas
1426 1440 1619 1479 (dasAllge-

952 1486 1083 1525 maine),
1102 1496 1186 1526 quae
1199 1487 1359 1525 amicitia,
1373 1484 1616 1527 quodsoedus3

953 1530 1078 1570 Digest.
1098 1533 1152 1569 49,
1175 1531 1231 1571 15,
1250 1532 1283 1569 5,
1303 1530 1338 1562 2:
1364 1532 1396 1561 si
1420 1541 1494 1562 cum
1516 1533 1619 1572 gente

950 1575 1061 1617 aliqua
1073 1586 1179 1617 neque
1192 1577 1374 1607 amicitiam
1389 1587 1494 1617 neque
1506 1576 1620 1620 hospi-

952 1622 1037 1652 tium
1053 1632 1158 1662 neque
1177 1620 1304 1661 foedus
1326 1623 1494 1652 amicitiae
1516 1631 1618 1653 causa

941 1666 1084 1708 saetmn
1100 1667 1278 1703 lzabemus3
1299 1667 1395 1704 oder,
1419 1666 1618 1708 dasoedera

951 1722 1057 1753 aequa
1074 1722 1115 1742 zu
1134 1710 1186 1742 L’s
1206 1711 1279 1742 Zeit
1297 1712 1327 1742 in
1347 1712 1406 1742 der
1420 1711 1538 1743 Praxis
1553 1713 1619 1743 sel-

952 1762 1007 1788 ten
1042 1757 1239 1796 vorkamen,
1271 1757 1335 1787 und
1367 1757 1434 1788 sich
1465 1768 1527 1789 von
1559 1758 1619 1789 der

952 1801 1167 1842 Verbiudung
1195 1803 1310 1843 aequis
1337 1802 1470 1844 legibus
1510 1803 1618 1843 wenig

952 1848 1217 1886 unterschieden,
1237 1858 1298 1878 von
1318 1848 1389 1878 dem
1402 1847 1531 1889 foedus>=
1552 1859 1619 1880 non

952 1903 1097 1934 aequum
1120 1893 1301 1933 gebraucht
1325 1894 1412 1933 sein,
1444 1893 1556 1934 Lange
1587 1893 1617 1933 2,

953 1937 1034 1978 236,
1058 1941 1176 1980 aequis
1199 1938 1296 1980 leg-ib.
1321 1949 1384 1968 von
1410 1939 1469 1969 der
1492 1939 1522 1969 in
1554 1939 1618 1970 den

952 1982 1060 2023 angef.
1093 1984 1220 2016 Stellen
1246 1988 1433 2023 genannten
1457 1985 1616 2025 amicilia,

952 2029 1019 2067 vgl.
1039 2032 1069 2069 ὅ,
1087 2030 1119 2069 4,
1138 2029 1175 2067 33
1195 2029 1226 2068 9,
1244 2030 1274 2067 4,
1293 2028 1324 2059 4.
1341 2046 1385 2051 --
1401 2030 1617 2069 iungeretur,

952 2083 1048 2104 wenn
1072 2084 1143 2105 man
1169 2074 1353 2114 iiberhaupt
1379 2074 1478 2112 (nach
1509 2074 1615 2104 einem

952 2116 1075 2158 Hriege
1106 2119 1184 2149 oder
1213 2120 1296 2149 ohne
1320 2118 1410 2149 diese
1435 2117 1616 2149 Veranlas-

952 2163 1106 2203 lassung)
1139 2164 1189 2195 ein
1215 2163 1376 2194 Biindniss
1400 2163 1550 2203 eingehe.
1573 2181 1616 2185 —

951 2220 1016 2240 non
1044 2211 1141 2252 prius
1171 2213 1251 2249 etc„
1282 2218 1353 2239 man
1384 2210 1496 2239 mac-he
1527 2209 1617 2239 nicht

953 2255 1032 2286 eher
1056 2255 1107 2285 die
1127 2253 1341 2293 Obergewalt
1358 2264 1463 2293 gegen
1489 2253 1540 2284 ihn
1565 2253 1615 2285 als

951 2301 1045 2331 einen
1063 2301 1150 2331 nicht
1164 2301 1253 2330 mehr
1268 2300 1296 2330 in
1312 2297 1520 2329 feiudlichein
1529 2297 1615 2330 Ver-

952 2346 1113 2377 hiiltnisse
1137 2346 1316 2376 stehenden
1341 2344 1492 2384 geltend,
1518 2343 1616 2374 stelle

952 2392 1002 2422 die
1023 2391 1325 2430 Feindseligkeiten
1345 2390 1434 2420 nicht
1451 2390 1530 2419 eher
1553 2389 1616 2428 ein,

950 2437 999 2467 als
1019 2436 1067 2468 bis
1082 2437 1132 2467 die
1148 2436 1281 2472 deditio,
1303 2436 1331 2475 1,
1347 2434 1399 2474 38,
1419 2432 1542 2473 erfolgt
1556 2434 1615 2473 sei,

951 2482 1018 2522 vgl.
1037 2482 1095 2521 36,
1116 2481 1174 2522 25,
1195 2482 1230 2512 5:
1255 2481 1335 2513 dum
1353 2490 1415 2521 ego
1433 2490 1529 2511 more
1546 2478 1614 2510 Ro-

950 2538 1050 2558 mano
1072 2528 1254 2569 imperium
1275 2527 1443 2557 inhibeam
1466 2527 1500 2556 in
1524 2523 1616 2556 dedi-

953 2576 1013 2604 tos.
1032 2591 1077 2596 —-
1092 2575 1172 2603 ante
1189 2574 1295 2604 armis
1319 2573 1441 2611 victos,
1467 2570 1534 2609 vgl.
1560 2568 1613 2607 26,

951 2618 1004 2653 33,
1022 2618 1073 2649 12.
1102 2617 1284 2657 Uebrigens
1298 2617 1423 2648 kb'nnen
1434 2616 1485 2646 die
1496 2613 1615 2645 &Verte

950 2673 1066 2703 wegen
1113 2661 1224 2706 Scipio
1265 2679 1309 2685 -—
1352 2663 1505 2693 invectus
1550 2663 1614 2690 cte.

1465 255 1491 273 a.
1506 254 1534 274 u.
1547 247 1619 275 548.
