1784 2967
163 430 182 462 8

160 657 179 688 9

139 768 179 800 10

123 877 178 914 42

617 262 744 296 LIBER
768 263 911 298 XXVII.
969 263 1063 297 CAP.
1091 264 1148 296 41.
1167 264 1222 296 42.

1464 281 1489 299 a.
1506 280 1534 299 u.
1553 273 1614 300 547.

219 266 297 306 102

216 367 258 405 Ρ.
280 365 478 406 Claudium
508 365 743 417 praefectum
771 366 922 405 socium
944 367 1100 413 edocet,
1130 378 1230 417 quos
1253 378 1341 405 cum
1361 365 1407 404 iis
1424 365 1618 408 mittebat:

212 423 294 475 ipse
311 423 393 461 luce
414 423 538 473 prima
561 422 693 473 copias
716 422 844 461 omnis
866 422 1039 474 peditum
1061 423 1314 474 equitumque
1331 422 1370 461 in
1387 422 1505 461 aciem
1523 423 1618 461 edu-

211 480 276 518 xit.
318 479 431 529 paulo
461 483 554 530 post
575 484 611 517 et
631 479 677 517 ab
700 478 913 518 Hannibale
933 479 1087 530 signum
1110 491 1261 531 pugnae
1278 478 1524 530 propositum
1547 483 1619 525 est,

211 536 432 585 clamorque
463 536 502 574 in
533 536 669 574 castris
697 535 742 574 ad
771 548 877 575 arma
906 536 1203 575 discurrentium
1232 541 1293 574 est
1313 535 1498 575 sublatus,
1532 534 1621 575 inde

211 604 327 643 eques
365 592 562 643 pedesque
597 592 770 644 certatim
806 593 930 644 portis
960 605 1089 639 ruere,
1127 605 1170 631 ac
1197 592 1312 643 palati
1338 604 1408 643 per
1436 603 1617 642 campum

209 660 421 699 properare
448 649 495 687 ad
524 648 662 687 hostis.
705 660 805 699 quos
823 648 889 687 ubi
912 649 1055 687 effusos
1079 649 1214 688 consul
1231 649 1343 695 videt,
1364 647 1521 687 tribuno
1543 648 1619 687 mi—

207 704 318 743 litum
339 705 473 745 tertiae
493 704 656 755 legionis
680 705 718 743 C.
741 704 999 744 Aurunculeio
1023 705 1200 755 imperat,
1223 709 1265 743 ut
1285 704 1432 756 equites
1455 703 1618 754 legionis

209 767 353 812 quanto
384 761 553 800 maximo
582 761 728 811 impetu
756 761 883 812 possit
908 761 947 800 in
973 761 1126 799 hostem
1155 761 1321 800 emittat:
1353 761 1403 800 ita
1430 772 1617 811 pecorum

207 819 327 856 modo
350 817 636 868 incompositos
658 822 740 856 toto
763 817 912 868 passim
934 830 975 856 se
998 830 1134 868 campo
1156 818 1315 865 fudisse,
1337 822 1381 857 ut
1403 817 1522 855 sterni
1545 817 1617 856 ob-

206 874 369 925 terique,
386 874 615 925 priusquam
632 873 887 921 instruantur,
904 873 1071 925 possint.
1107 874 1290 913 Nondum
1308 873 1497 912 Hannibal
1518 886 1538 912 e
1555 886 1617 912 ca—
1649 880 1689 912 10

206 930 297 969 stris
320 930 479 976 exierat,
503 942 590 968 cum
613 931 869 981 pugnantium
893 930 1101 968 clamorem
1124 931 1277 969 audivit.
1319 930 1448 981 itaque
1469 930 1617 969 excitus

205 987 372 1026 tumultu
398 986 539 1038 raptim
562 987 606 1025 ad
631 987 785 1025 hostem
808 987 939 1037 copias
962 986 1050 1037 agit.
1092 986 1167 1025 iam
1190 986 1338 1037 primos
1363 992 1617 1037 occupaverat

205 1048 386 1093 equester
407 1048 552 1090 terror,
573 1044 744 1094 peditum
763 1043 879 1082 etiam
896 1043 1021 1093 prima
1037 1043 1134 1093 legio
1153 1048 1189 1081 et
1205 1043 1335 1081 dextra
1352 1043 1407 1081 ala
1424 1042 1615 1093 proelium

204 1099 345 1147 inibat,
367 1099 620 1150 incompositi
637 1100 784 1147 hostes,
807 1105 849 1138 ut
865 1112 1056 1151 quemque
1072 1104 1136 1138 aut
1153 1099 1269 1150 pediti
1287 1104 1352 1138 aut
1369 1099 1485 1150 equiti
1502 1111 1614 1138 casus

205 1156 354 1203 obtulit,
375 1157 426 1195 ita
448 1161 663 1195 conserunt
685 1169 836 1195 manus.
877 1158 1013 1195 crescit
1033 1168 1162 1206 pugna
1179 1156 1376 1202 subsidiis,
1396 1160 1432 1193 et
1448 1167 1614 1206 procur—

204 1213 373 1251 rentium
400 1213 447 1251 ad
477 1218 670 1251 certamen
692 1224 855 1251 numero
878 1218 1055 1263 augeturg
1084 1212 1385 1263 pugnantisque,
1414 1211 1518 1262 quod
1539 1211 1615 1250 nisi

206 1269 244 1306 in
267 1274 394 1307 vetere
415 1270 581 1307 exercitu
604 1274 640 1307 et
661 1269 747 1307 duci
769 1269 886 1307 veteri
907 1269 1007 1308 haud
1029 1269 1196 1315 facilest,
1218 1269 1317 1307 inter
1338 1268 1546 1307 tumultum
1570 1281 1615 1308 ac

203 1329 393 1364 terrorem
421 1325 672 1364 instruxisset
698 1325 905 1372 Hannibal,
942 1326 981 1364 ni
1010 1325 1230 1363 cohortium
1253 1338 1297 1363 ac
1324 1324 1611 1375 manipulorum

203 1382 369 1420 decursu
392 1394 460 1432 per
483 1381 591 1420 collis
611 1381 755 1420 clamor
775 1381 821 1420 ab
838 1386 945 1432 tergo
964 1381 1115 1420 auditus
1133 1386 1293 1426 metum,
1316 1394 1364 1419 ne
1380 1381 1613 1419 interclude-

206 1444 340 1477 rentur
367 1437 521 1483 castris,
554 1438 760 1476 iniecisset.
807 1438 898 1476 inde
926 1450 1047 1489 pavor
1074 1438 1255 1476 incussus
1285 1442 1321 1475 et
1346 1437 1434 1488 fuga
1463 1437 1612 1488 passim

200 1495 281 1533 fieri
305 1500 439 1545 coepta
461 1500 531 1533 est.
573 1494 779 1544 minorque
802 1494 936 1533 caedes
957 1494 1039 1539 fuit,
1062 1494 1150 1545 quia
1172 1493 1441 1544 propinquitas
1465 1498 1612 1532 castro—

200 1605 354 1648 adgredi,
370 1605 432 1636 wie
448 1606 498 1636 die
508 1606 581 1637 Hss.
592 1605 867 1645 haben,0bgleieh
940 1605 999 1636 der
1012 1615 1075 1637 von
1091 1606 1151 1636 den
1162 1605 1311 1645 Reitern,
1322 1605 1412 1643 c.41,
1423 1605 1453 1645 9,
1469 1610 1612 1646 erregte,

199 1661 237 1681 er
255 1655 350 1682 sonst
366 1651 457 1681 diese
474 1650 726 1689 Construction,
752 1650 810 1691 30,
836 1651 868 1690 4,
939 1661 966 1682 s.
986 1661 1013 1682 c.
1034 1650 1061 1691 1,
1084 1650 1133 1681 10.
1151 1668 1195 1673 —
1211 1650 1298 1692 legio
1314 1668 1360 1672 —-
1375 1650 1446 1689 ala,
1465 1660 1491 1681 s,
1511 1660 1538 1681 c.
1561 1650 1612 1690 14,

200 1696 238 1734 6,
269 1696 358 1727 nicht
388 1696 520 1727 meidet.
544 1714 588 1719 —
613 1695 769 1728 Claudius
792 1697 868 1735 As„
942 1695 972 1727 3,
994 1714 1039 1718 -
1061 1697 1188 1735 inibat,
1210 1696 1286 1726 weil
1306 1695 1400 1726 beide
1418 1694 1534 1726 Theile
1559 1696 1611 1726 ein

200 1740 254 1781 23,
273 1739 347 1771 46f.
364 1758 408 1763 —
422 1742 537 1783 praes.
554 1751 634 1779 soa,
653 1741 706 1780 25,
728 1741 755 1780 1,
775 1740 806 1772 3.
942 1739 1074 1772 Ganzes
1101 1741 1223 1779 (acies,
1254 1741 1312 1771 das
1343 1744 1433 1771 erste
1464 1739 1611 1779 Treffen)

245 1785 368 1816 8—10.
393 1787 529 1827 s‘igvmm
544 1797 577 1828 p.
594 1796 640 1829 μ,
660 1787 723 1816 wie
742 1786 868 1816 beiden
940 1785 1062 1816 bilden.
1087 1803 1131 1808 —
1154 1786 1276 1817 crescit
1299 1785 1426 1816 seheint
1449 1786 1542 1816 mehr
1558 1786 1610 1816 die

200 1829 356 1870 Ro'mern,
374 1829 427 1870 22,
447 1830 477 1870 3,
497 1831 527 1862 9.
560 1830 592 1861 In
611 1831 670 1862 der
688 1829 768 1871 solg.
787 1830 870 1861 Dar-

198 1875 346 1915 stellung
370 1876 441 1906 sind
465 1876 518 1907 (lie
537 1876 666 1907 Farben
692 1876 777 1915 grell
795 1875 868 1907 auf-

199 1925 371 1961 getragen,
389 1921 428 1951 da
443 1921 510 1952 sich
526 1921 598 1952 eine
613 1922 725 1952 solche
739 1921 869 1953 Unord-

201 1976 288 2005 nung
310 1966 406 1996 kaum
431 1967 461 1997 in
487 1967 592 1997 eineui
618 1966 725 1997 Heere
748 1967 811 1997 wie
831 1976 866 1997 es

201 2021 227 2040 c.
247 2011 301 2050 42,
320 2010 338 2041 3
357 2011 559 2050 geschildert
580 2012 680 2051 wird,
700 2016 867 2042 erwarten

200 2055 296 2086 liisst.
313 2072 358 2077 —-
373 2058 482 2097 portis
506 2066 623 2096 ruere,
647 2066 672 2087 s,
693 2067 731 2087 zu
751 2056 811 2095 25,
836 2057 866 2095 9,

201 2100 236 2138 ῖς
260 2099 320 2139 44,
344 2099 401 2138 35,
430 2101 465 2130 5:
491 2100 642 2141 agendos
666 2103 798 2132 eastris.
822 2117 867 2122 ——

198 2144 403 2185 Auruncul„
420 2145 591 2176 vielleieht
604 2146 662 2176 der
680 2156 706 2176 c.
727 2146 746 2176 6
764 2145 827 2175 und
849 2145 864 2175 7

198 2194 381 2230 genanute,
404 2190 444 2221 da
467 2190 530 2221 ihm
555 2201 582 2222 c.
602 2190 651 2231 36,
675 2190 709 2221 11
732 2190 789 2221 das
807 2190 866 2221 im-

196 2235 323 2276 perium
346 2235 434 2266 nicht
457 2235 651 2275 verliingert
675 2236 731 2266 ist.
748 2253 792 2257 —
807 2245 867 2278 pa-

198 2279 273 2319 lati,
309 2279 397 2310 nicht
425 2280 456 2310 in
487 2281 579 2311 ihren
609 2280 864 2320 Abtheilungen,

198 2325 280 2355 noch
299 2325 434 2355 stiirker
451 2324 472 2366 ξ
493 2325 546 2356 10:
575 2328 643 2356 tolo
661 2343 704 2348 —-
717 2325 865 2367 fudisse,

198 2367 257 2399 auf
271 2369 342 2400 dem
359 2388 401 2392 —
421 2370 489 2409 liin,
514 2372 637 2401 vorher
660 2372 803 2411 effusos.
822 2388 866 2393 —

196 2424 354 2456 pecorum
369 2426 426 2454 m.,
446 2425 471 2446 S.
488 2425 515 2446 c.
530 2415 560 2454 4,
583 2415 620 2445 13
639 2426 669 2447 u.
689 2415 741 2455 22,
764 2415 814 2455 14,
834 2415 864 2446 S.

197 2477 241 2480 -—
260 2461 374 2499 obteri,
390 2460 627 2500 niedertreten,
643 2461 725 2491 wird
740 2458 787 2491 oft
800 2470 863 2490 von

199 2503 333 2534 Reitern
353 2506 417 2535 un'd
442 2505 647 2546 Eleplianten
672 2505 863 2545 gebraucht,

199 2558 224 2579 s.
244 2548 299 2586 28,
317 2549 369 2588 33,
388 2549 424 2588 63
440 2549 492 2589 37,
511 2549 564 2589 43,
583 2550 602 2581 9
623 2561 651 2581 u.
668 2560 697 2581 a.

243 2588 311 2624 42.
348 2594 455 2625 1--4,
481 2596 594 2637 copias
617 2606 689 2637 agn,
716 2595 778 2626 wie
803 2605 864 2636 ag-

198 2647 273 2668 men
296 2649 407 2679 agere.
432 2657 474 2661 ψ
495 2642 638 2682 primos,
669 2640 720 2671 die
750 2644 865 2671 zuerst

197 2683 442 2722 ausger-tickten
467 2684 598 2716 Punier.
626 2703 670 2708 --
699 2688 865 2727 equester,

941 1831 1010 1861 sich
1035 1831 1223 1870 steigernde
1242 1829 1441 1870 Heftigkeit,
1465 1834 1612 1872 augetur

941 1876 992 1907 die
1010 1876 1146 1906 weitere
1162 1876 1385 1915 Ausdehnung
1402 1886 1442 1906 zu
1457 1875 1612 1907 bezeich-

940 1931 1013 1962 nen,
1031 1921 1098 1960 vgl.
1118 1931 1145 1952 c.
1164 1921 1216 1959 48,
1239 1920 1288 1952 11.
1306 1939 1350 1943 -
1366 1922 1399 1952 in
1415 1923 1477 1952 vet.
1496 1932 1551 1952 eat.
1566 1939 1606 1943 —

940 1966 1026 2006 duci,
1045 1976 1139 1996 wenn
1157 1984 1201 1988 —
1219 1966 1280 2003 ist3
1299 1964 1354 1996 fiir
1371 1966 1466 1997 einen
1484 1964 1611 1997 Anfiih-

940 2021 1007 2042 rer.
1050 2011 1108 2042 Die
1126 2010 1340 2050 Verbindung
1362 2012 1430 2042 nisi
1452 2029 1496 2033 -—
1520 2011 1612 2043 haud

940 2056 1043 2087 findet
1061 2057 1128 2087 sich
1149 2066 1211 2086 nur
1228 2056 1352 2094 seiten,
1378 2055 1455 2086 Tac.
1474 2056 1561 2086 Ann.
1578 2055 1609 2096 3,

941 2101 998 2131 65:
1024 2103 1147 2141 eoeequz'
1167 2101 1353 2131 sententias
1370 2100 1462 2131 haud
1476 2102 1612 2132 institui

938 2146 1007 2176 nisi
1021 2146 1183 2186 insignes.
1217 2144 1299 2176 Zum
1315 2144 1493 2176 Gedanken
1513 2156 1540 2176 s.
1556 2145 1609 2186 22,

940 2189 999 2230 25,
1027 2190 1078 2220 14.
1103 2208 1147 2212 --
1170 2189 1332 2229 decursu,
1362 2190 1424 2221 wie
1443 2200 1469 2221 e.
1489 2189 1547 2230 39,
1573 2190 1608 2221 7:

940 2237 1097 2266 transitu.
1114 2253 1159 2257 —
1175 2246 1236 2278 per
1253 2235 1334 2276 coll„
1350 2245 1388 2265 an
1405 2235 1465 2266 den
1481 2235 1607 2275 Hiigeln

939 2280 1003 2311 hin.
1023 2298 1067 2302 —-
1083 2280 1261 2311 interclud.
1277 2282 1410 2320 castris,
1426 2290 1452 2311 s.
1468 2279 1606 2311 Caes.B.

941 2324 974 2357 C.
985 2325 1015 2363 2,
1026 2324 1078 2366 20,
1088 2326 1125 2364 ὃς
1147 2325 1453 2357 0711111'1'71te}·clusns
1466 2327 1605 2364 itinere,

938 2369 1053 2401 lustin.
1074 2371 1110 2410 4,
1130 2370 1164 2412 4,
1184 2372 1218 2401 5:
1236 2371 1476 2403 commeatibus
1493 2389 1537 2393 —
1553 2372 1607 2402 2⁶72-

940 2415 1145 2453 terclmlnnt3
1171 2415 1208 2447 L.
1233 2421 1307 2456 sagt
1329 2415 1533 2455 gewo'hnlich
1557 2417 1607 2447 in-

938 2460 1125 2492 ter-eludere
1139 2471 1169 2492 a.

983 2506 1072 2536 5—6.
1097 2516 1212 2548 paror,
1232 2506 1389 2537 nachdem
1403 2505 1528 2536 bereits
1546 2504 1568 2547 ξ
1586 2505 1603 2535 3

938 2553 1059 2590 terror,
1078 2552 1140 2581 und
1160 2550 1180 2592 ξ
1198 2551 1217 2581 4
1233 2553 1343 2582 metus
1360 2559 1605 2591 vorausgegan-

937 2605 999 2634 gen
1019 2596 1079 2633 ist,
1104 2596 1172 2635 vgl.
1200 2595 1235 2635 1,
1254 2595 1312 2635 29,
1332 2595 1368 2634 33
1392 2596 1448 2635 10,
1468 2595 1524 2636 14,
1542 2594 1602 2632 2ος

936 2640 996 2679 26,
1028 2639 1087 2681 20,
1117 2641 1147 2671 5.
1173 2659 1215 2663 —
1238 2642 1395 2682 7m'n01·q.,
1425 2650 1519 2671 wenn
1543 2650 1605 2682 que

937 2685 1074 2725 richtig,
1093 2685 1181 2717 nicht
1199 2690 1285 2717 etwa
1303 2685 1432 2728 quidem
1451 2695 1492 2716 zu
1509 2685 1602 2716 lesen

1648 599 1666 629 5

1647 1161 1685 1193 15

1641 1446 1684 1479 20

1753 2351 1768 2465 ’κζ’ὶὲ.”
1760 2278 1768 2339 ΑΑ...-

1738 2667 1767 2967 ,τω-4444444
1747 2659 1758 2677 ·-
1755 2560 1764 2574 .,
1754 2532 1759 2538 1
1753 2505 1758 2509 ·
