1784 2967
702 244 827 276 LIBER
853 243 982 277 XXIX.
1031 245 1124 277 CAP.
1155 244 1205 276 17.
1509 254 1649 281 a.u.550.

242 249 322 287 276

242 348 405 388 consilio
428 347 546 394 absit,
568 351 605 384 et
626 345 792 385 reditum
814 347 853 386 in
874 351 1040 386 vestram
1064 346 1256 386 dicionem
1279 351 1461 398 appareat
1479 358 1561 386 non
1581 360 1651 387 vo-

240 406 384 445 luntate
412 403 539 442 solum
570 403 638 442 sed
666 403 780 442 etiam
808 415 881 454 ope
906 409 944 443 et
968 403 1108 442 virtute
1134 408 1290 451 nostra,
1317 403 1440 454 magis
1473 403 1651 455 indigne-

241 461 334 500 mini
369 459 482 498 bonis
519 472 563 498 ac
596 459 773 498 fidelibus
811 460 927 499 sociis
955 465 1033 499 tam
1062 460 1237 511 indignas
1266 460 1424 499 iniurias
1452 460 1499 499 ab
1527 460 1650 511 legato

241 521 367 555 vestro
391 515 660 566 militibusque
687 516 780 555 fieri.
824 517 893 555 sed
923 529 993 567 ego
1026 529 1181 556 causam
1203 517 1404 568 utriusque
1426 517 1651 556 defectionis

239 577 398 612 nostrae
419 572 457 611 in
478 572 577 611 aliud
598 577 753 624 tempus
775 572 1025 612 differendam
1047 573 1212 612 arbitror
1233 586 1319 612 esse
1340 574 1504 612 duarum
1521 585 1651 612 rerum

239 629 371 680 gratia,
392 628 519 675 unius,
540 634 583 667 ut
600 641 730 668 coram
748 629 789 668 P.
809 629 1003 680 Scipione,
1022 629 1086 681 qui
1103 630 1249 669 Locros
1267 629 1411 681 recepit
1427 636 1460 668 et
1477 629 1653 669 omnium

239 685 352 724 nohis
388 690 490 724 recte
525 697 808 736 perperamque
840 687 1033 724 factorum
1061 691 1120 725 est
1145 687 1274 734 testis,
1305 692 1457 737 agatur,
1484 685 1654 732 alterius,

240 742 356 793 quod,
373 741 671 792 qualescumque
692 753 844 789 sumus,
865 749 993 781 tamen
1013 754 1070 789 ea,
1088 755 1183 794 quae
1194 745 1304 795 passi
1319 755 1461 790 sumus,
1477 743 1555 794 pati
1572 754 1653 782 non

239 798 456 837 debuimus.
502 810 583 836 non
612 811 826 849 possumus
855 798 1118 846 dissimulare,
1147 806 1277 850 patres
1307 799 1535 850 conscripti,
1564 811 1652 846 nos,

239 867 324 894 cum
347 854 584 905 praesidium
601 855 790 894 Punicum
814 855 853 894 in
875 867 960 894 arce
982 860 1118 894 nostra
1135 856 1382 902 haberemus,
1403 856 1522 894 multa
1538 856 1652 894 foeda

238 916 274 950 et
294 911 449 962 indigna
472 916 508 950 et
529 924 548 949 a
567 912 759 962 praefecto
783 911 963 962 praesidii
980 911 1195 951 Hamilcare
1213 917 1250 951 et
1266 913 1310 951 ab
1329 912 1507 951 Numidis
1524 912 1652 951 Afris·
1696 930 1699 932 ·

238 980 311 1019 que
337 980 477 1018 passos
499 980 605 1006 esse:
642 968 710 1007 sed
732 968 823 1019 quid
859 968 919 1007 illa
941 973 1033 1007 sunt
1053 968 1203 1007 conlata
1225 981 1311 1008 cum
1334 968 1397 1013 iis,
1421 981 1516 1019 quae
1536 969 1653 1008 hodie

203 1037 210 1044 ·
242 1023 429 1076 patimur!
452 1036 540 1063 cum
562 1024 664 1063 bona
687 1024 807 1070 venia,
830 1037 986 1076 quaeso,
1009 1025 1184 1071 audiatis,
1205 1030 1333 1076 patres
1356 1024 1578 1075 conscripti,
1600 1025 1651 1070 id,

239 1081 341 1132 quod
365 1081 505 1119 invitus
528 1080 668 1121 dicam:
698 1082 738 1120 in
760 1081 986 1120 discrimine
1009 1086 1068 1121 est
1088 1093 1193 1120 nunc
1212 1082 1423 1121 humanum
1449 1092 1565 1120 omne
1586 1093 1653 1132 ge-

238 1149 324 1184 nus,
346 1142 478 1176 utrum
500 1150 568 1176 vos
591 1150 638 1176 an
661 1138 993 1188 Carthaginienses
1015 1138 1211 1190 principes
1233 1143 1422 1177 terrarum
1444 1137 1577 1176 videat.
1620 1137 1651 1176 si

238 1206 282 1232 cx
305 1194 348 1240 is,
371 1206 466 1244 quae
487 1194 702 1233 Locrenses
725 1199 789 1233 aut
810 1195 855 1233 ab
878 1194 949 1233 illis
973 1195 1078 1246 passi
1101 1207 1237 1233 sumus
1259 1200 1324 1233 aut
1345 1208 1364 1234 a
1385 1199 1512 1233 vestro
1539 1206 1649 1245 prae-

237 1250 335 1288 sidio
371 1261 477 1289 nunc
504 1262 593 1289 cum
622 1251 787 1290 maxime
818 1251 1004 1302 patimur,
1043 1251 1325 1290 aestimandum
1362 1251 1580 1290 Romanum
1610 1263 1654 1289 ac

237 1306 427 1345 Punicum
456 1306 662 1357 imperium
693 1307 762 1354 sit,
790 1319 907 1346 nemo
937 1320 1016 1347 non
1036 1308 1121 1346 illos
1144 1308 1215 1346 sibi
1238 1320 1353 1358 quam
1376 1320 1444 1346 vos
1468 1306 1650 1345 dominos

235 1367 450 1414 praeoptet.
481 1368 518 1402 et
532 1368 662 1402 tamen
680 1364 814 1410 videte,
833 1376 946 1415 quem
963 1364 1173 1403 admodum
1192 1364 1231 1402 in
1247 1376 1317 1402 vos
1333 1364 1550 1403 Locrenses
1567 1363 1652 1402 ani·

236 1419 326 1458 mati
355 1420 448 1458 sint:
491 1432 580 1458 cum
602 1432 622 1458 a
644 1420 1026 1471 Carthaginiensibus
1048 1421 1205 1460 iniurias
1228 1426 1333 1459 tanto
1356 1420 1528 1459 minores
1550 1420 1651 1459 acci-

234 1488 436 1526 peremuS,
464 1476 512 1514 ad
547 1481 718 1515 vestrum
754 1477 1031 1527 imperatorem
1061 1477 1325 1527 confugimus3
1356 1489 1443 1515 cum
1475 1490 1493 1515 a
1522 1481 1650 1515 vestro

234 1532 429 1583 praesidio
457 1532 543 1581 plus
572 1545 687 1583 quam
717 1533 867 1572 hostilia
898 1533 1108 1584 patiamur,
1136 1545 1333 1584 nusquam
1360 1533 1432 1572 alio
1462 1545 1575 1583 quam
1603 1533 1650 1572 ad

238 1601 308 1627 vos
332 1588 521 1638 querellas
543 1589 763 1628 detulimus.
805 1594 871 1628 aut
892 1602 961 1628 vos
979 1589 1195 1640 respicietis
1213 1589 1383 1641 perditas
1401 1602 1463 1628 res
1479 1594 1649 1635 nostras,

235 1650 364 1696 patres
387 1645 611 1696 conscripti,
632 1651 697 1684 aut
716 1658 767 1685 ne
787 1645 833 1685 ab
857 1645 930 1685 diis
953 1646 1107 1697 quidem
1130 1645 1414 1685 immortalibus
1437 1645 1542 1696 quod
1558 1658 1650 1695 pre-

235 1766 497 1808 herbeigefiihrt,
531 1779 556 1799 s.
577 1779 604 1800 c.
624 1768 653 1810 6,
673 1769 703 1799 5.
724 1786 769 1791 -—
786 1779 856 1812 ope,
876 1779 904 1800 s.

233 1813 263 1853 8,
286 1813 336 1852 16,
356 1813 375 1844 4
392 1824 424 1844 u.
439 1823 468 1844 a.
482 1831 526 1836 ——
540 1814 676 1854 virtute,
695 1812 823 1855 tapfere
839 1813 905 1846 Un-

232 1859 447 1898 terstiitzung
464 1859 524 1889 der
543 1858 676 1899 Rbmer,
710 1869 736 1891 s.
756 1870 783 1890 c.
804 1859 832 1900 6,
853 1859 904 1891 17.

231 1922 275 1926 -—
292 1914 442 1944 cansam,
460 1904 512 1935 die
530 1904 696 1944 Fiihrung,
716 1904 906 1945 Darlegung

232 1949 292 1980 der
306 1949 423 1980 sache..
441 1967 481 1971 —
499 1948 691 1990 disserenti„
711 1949 765 1989 26,
781 1950 834 1989 51,
853 1949 904 1981 10.

232 2012 276 2016 —
291 1995 398 2034 testis,
408 1994 499 2025 viell.
509 1995 737 2035 istsaetorum
752 1997 837 2026 teste
849 2005 905 2026 res

233 2049 274 2069 zu
291 2039 397 2079 lesen,
416 2040 456 2070 da
473 2042 507 2071 et
524 2039 555 2070 in
574 2040 635 2070 den
654 2039 728 2070 Hss.
747 2038 838 2071 fehlt.
860 2057 902 2062 --

231 2084 376 2126 qualesc.
405 2095 452 2124 3.,
486 2085 548 2115 wie
572 2094 608 2115 es
632 2094 684 2114 um
706 2094 767 2114 uns
786 2085 901 2115 stehen

232 2139 323 2169 magg
345 2129 446 2160 bildet
463 2129 612 2169 zugleich
630 2129 690 2160 den
706 2128 903 2169 Uebergang

232 2184 305 2205 zum
329 2174 424 2213 Folg.
443 2173 627 2213 Uebrigens
653 2174 699 2205 ist
721 2175 772 2206 die
796 2174 902 2206 stelle

232 2218 423 2250 liickenbaft
441 2220 504 2250 wie
524 2219 577 2260 26,
596 2219 649 2258 31,
669 2219 700 2250 2.

279 2264 389 2295 5—7.
414 2264 472 2295 Die
491 2264 790 2296 Zcitverhiiltnisse
814 2264 902 2296 iniis-

233 2319 290 2340 sen
315 2310 376 2340 den
398 2309 500 2341 Senat
518 2310 725 2350 bestimmen,
757 2310 824 2341 sich
843 2310 902 2340 der

232 2353 490 2394 Ungliicklicben
508 2356 743 2386 anzunehmen.
764 2373 808 2377 —-—
825 2364 899 2386 cum

232 2399 503 2440 b.1·.,s.e.1,7;
525 2400 554 2438 7,
570 2400 622 2441 41,
639 2399 668 2431 3.
684 2398 900 2439 ——2'71de'scr.,

230 2442 290 2474 auf
303 2445 375 2475 dem
396 2444 805 2487 Entscheidungspunktc,
828 2445 899 2475 also

231 2488 261 2518 in
278 2488 467 2529 Spannung.
484 2508 529 2513 -—
550 2491 656 2533 princ.
681 2493 779 2529 terr„
815 2490 898 2521 ohne

232 2534 337 2567 orbis.
364 2544 390 2564 s.
409 2533 511 2575 praef.
531 2534 569 2572 33
603 2535 657 2575 42,
677 2535 730 2573 39,
749 2534 779 2574 3,
797 2535 900 2575 dage-

232 2587 292 2615 gen
313 2578 365 2613 34,
383 2580 435 2617 55,
455 2579 487 2610 8:
512 2581 661 2623 principi
679 2581 767 2612 orbis
787 2582 897 2611 terra-

230 2631 307 2652 rum
323 2623 456 2664 populo.
476 2641 520 2646 ——
535 2635 624 2656 nanc
641 2635 666 2656 c.
683 2636 746 2665 771„
776 2625 898 2666 gerade

224 2664 324 2705 jetzt,
343 2666 432 2706 jetzt
449 2678 532 2708 ganz
550 2670 760 2710 vorziiglich;
795 2670 898 2702 weni-

977 1779 1038 1809 ger
1062 1769 1175 1801 scharf
1195 1769 1278 1801 wird
1302 1768 1353 1799 die
1373 1767 1575 1808 Gegenwort
1597 1768 1648 1800 als

978 1815 1036 1845 (las
1052 1814 1245 1846 Geschehen
1263 1815 1323 1845 der
1337 1814 1509 1853 Handlung
1526 1814 1556 1844 in
1570 1823 1647 1845 cum

977 1862 1129 1892 maoez'me
1151 1859 1171 1901 ξ
1201 1860 1242 1891 20
1271 1859 1405 1895 betont3
1440 1859 1535 1890 beide
1558 1858 1647 1890 Aus-

978 1905 1101 1936 driicke
1126 1905 1295 1936 enthalten
1327 1904 1358 1935 in
1382 1904 1564 1936 Riicksieht
1591 1902 1651 1935 auf

978 1950 1301 1991 entgegengestellte
1311 1949 1581 1989 Vergangenheit
1594 1949 1646 1980 die

979 1995 1195 2036 Andeutung,
1225 1996 1301 2026 dass
1319 1995 1379 2026 der
1396 1993 1544 2026 Zustand
1562 1995 1643 2026 noch

977 2038 1174 2072 fortdauert.

1021 2085 1120 2116 8—9.
1139 2087 1172 2116 et
1187 2103 1232 2107 —
1248 2084 1356 2117 videte
1373 2084 1510 2115 braucht
1522 2083 1560 2116 L.
1579 2083 1646 2115 bis-

975 2130 1094 2161 weilen
1113 2140 1165 2161 um
1185 2130 1279 2161 einen
1304 2139 1407 2160 neuen
1427 2128 1541 2160 Grund
1565 2129 1645 2160 oder

975 2174 1152 2206 Gedanken
1171 2172 1419 2216 anzukniipfen,
1444 2184 1470 2205 s.
1491 2174 1520 2211 5,
1540 2173 1593 2212 53,
1612 2173 1644 2213 3,

973 2220 1040 2260 vgl.
1060 2220 1125 2251 Cic.
1142 2219 1213 2260 Lig.
1232 2220 1263 2260 2,
1282 2220 1319 2259 ὓς
1339 2220 1424 2250 bier:
1443 2229 1545 2250 unser
1558 2217 1644 2250 Ver-

972 2269 1091 2296 trauen
1109 2264 1168 2296 auf
1183 2266 1263 2296 euch
1287 2275 1376 2296 muss
1401 2265 1481 2295 euch
1506 2264 1642 2295 bestim-

973 2320 1045 2341 men
1063 2320 1126 2341 uns
1144 2321 1184 2341 zu
1202 2308 1324 2342 helfcn.
1348 2328 1391 2332 —
1408 2310 1642 2351 confugimus,

973 2365 1042 2386 was
1061 2355 1222 2386 Einzelne
1255 2356 1376 2395 gethan
1408 2354 1524 2393 haben,
1557 2354 1641 2385 wird

972 2400 1044 2431 dcm
1064 2400 1179 2432 Stante
1197 2400 1373 2441 beigelegt.
1392 2399 1468 2442 plns
1485 2409 1595 2440 qnam,
1613 2409 1640 2430 s.

973 2445 1025 2484 21,
1044 2445 1075 2485 4,
1095 2446 1126 2476 9.
1143 2456 1365 2488 —nusqzcam
1379 2445 1433 2485 al„
1451 2445 1540 2475 nicht
1554 2449 1642 2475 etwa

970 2500 1010 2521 an
1030 2490 1200 2531 Hannibal,
1218 2491 1366 2529 obgleich
1385 2490 1447 2520 wir
1464 2490 1547 2520 dann
1568 2489 1640 2520 eine

971 2535 1107 2566 bessere
1127 2536 1336 2575 Behnndlung
1353 2545 1416 2566 von
1447 2534 1509 2565 ihm
1528 2545 1569 2565 zu
1587 2543 1640 2565 er—

971 2585 1098 2611 warten
1113 2581 1233 2620 gehabt
1247 2581 1370 2612 hatten.
1384 2597 1428 2602 —
1440 2582 1501 2611 aut
1512 2597 1555 2602 ——-
1568 2581 1638 2616 aut,

970 2635 1065 2656 wenn
1085 2626 1136 2656 illr
1152 2636 1213 2657 uns
1239 2626 1328 2659 nicht
1351 2624 1433 2656 helft
1455 2642 1500 2647 -—
1522 2634 1577 2664 so,
1610 2633 1637 2654 s.

970 2668 1072 2711 praef.
1093 2670 1145 2702 11.
1163 2688 1208 2694 —
1223 2681 1264 2702 ne
1277 2671 1317 2702 ab
1331 2669 1396 2702 dcis
1408 2686 1453 2692 —
1464 2671 1638 2712 superest:
