1784 2967
261 298 343 338 292
697 297 823 330 LIBER
840 298 966 331 XXVI.
1000 299 1092 331 CAP.
1111 298 1164 330 35.
1184 298 1237 330 39.
1520 314 1545 332 a.
1562 307 1667 333 11541.

262 414 353 439 mox
375 401 421 439 de
442 399 579 438 Blattio
603 400 846 451 cognituruS‚
875 406 1100 452 starentque
1121 405 1320 439 summoto
1344 401 1488 452 populo
1512 413 1669 439 accusa-

213 464 232 494 9
262 463 325 495 tor
345 462 383 495 et
402 469 509 503 reus,
531 456 690 495 Blattius
713 457 758 495 de
780 457 1003 508 proditione
1023 457 1181 496 Dasium
1204 457 1428 508 appellabat.
1470 456 1666 496 enimvero

261 513 323 552 ille
349 513 450 551 velut
476 513 515 552 in
537 513 739 552 manifesta
760 526 801 552 re
822 515 1024 560 exclamat,
1054 514 1125 553 sub
1149 514 1268 552 oculis
1291 513 1514 552 Hannibalis
1535 526 1667 552 secum

263 571 310 608 de
331 569 551 620 proditione
573 570 643 620 agi.
684 570 885 610 Hannibali
906 576 1019 622 atque
1041 570 1095 610 eis
1119 570 1183 622 qui
1200 571 1369 616 aderant,
1393 582 1468 621 quo
1487 570 1668 609 audacior

262 638 323 665 res
351 631 448 672 erat,
478 626 607 665 minus
629 627 765 665 similis
786 627 863 666 veri
886 628 964 666 visa
986 632 1061 666 est:
1094 627 1389 666 aemulationem
1411 626 1587 678 profecto
1610 632 1666 665 at-
1698 632 1716 663 5

265 695 337 734 que
360 683 492 722 odium
514 696 617 729 esse,
646 688 683 722 et
704 684 741 722 id
767 684 911 722 crimen
933 683 1091 730 adferri,
1116 684 1237 734 quod,
1261 684 1348 734 quia
1368 688 1506 722 testem
1527 683 1668 722 habere

262 751 342 778 non
363 745 512 790 posset,
533 739 689 778 liberius
712 740 871 790 fingenti
892 740 952 778 sit.
985 741 1037 779 ita
1058 740 1146 779 inde
1168 741 1319 779 dimissi
1340 745 1443 779 sunt.
1474 752 1545 778 366
1565 739 1668 778 Blat—

261 797 337 835 tius
367 801 454 834 ante
480 796 627 834 abstitit
654 801 783 834 tamen
810 801 887 834 tam
910 797 1043 836 audaci
1064 797 1237 848 incepto,
1266 810 1378 848 quam
1403 797 1503 835 idem
1526 796 1669 835 obtun-

262 853 389 891 dendo
412 852 686 902 docendoque,
711 864 824 902 quam
846 865 888 891 ea
909 865 970 892 res
993 853 1088 904 ipsis
1110 853 1331 904 patriaeque
1353 853 1531 892 salutaris
1554 859 1668 897 esset,

262 908 436 959 pervicit,
468 913 507 947 ut
527 908 763 959 praesidium
785 909 975 948 Punicum
998 933 1051 938 —
1072 909 1107 948 D
1129 915 1255 949 autem
1277 910 1465 949 Numidae
1485 914 1594 949 erant
1614 933 1668 937 —

262 965 490 1016 Salapiaque
506 966 722 1004 traderetur
738 965 926 1004 Marcello,
958 978 1030 1005 nec
1047 966 1130 1004 sine
1148 967 1260 1005 caede
1278 967 1396 1005 multa
1412 966 1512 1005 tradi
1530 966 1669 1018 potuit.

260 1023 372 1073 longe
409 1021 611 1060 fortissimi
652 1022 824 1072 equitum
861 1027 944 1061 toto
982 1023 1129 1061 Punico
1168 1023 1336 1061 exercitu
1373 1028 1492 1062 erant.
1542 1023 1670 1073 itaque

261 1091 495 1129 quamquam
523 1078 720 1128 inprovisa
747 1092 808 1117 res
830 1079 918 1125 fuit,
947 1091 1021 1118 nec
1046 1092 1140 1118 usus
1170 1092 1359 1129 equorum
1386 1079 1424 1118 in
1454 1079 1547 1118 urbe
1575 1084 1669 1124 erat,

261 1142 390 1174 tamen
419 1135 536 1173 armis
565 1135 664 1173 inter
686 1136 892 1174 tumultum
916 1136 1037 1186 captis
1061 1142 1097 1174 et
1117 1136 1362 1187 eruptionem
1383 1140 1670 1187 temptaverunt

262 1197 317 1238 et,
340 1204 428 1230 cum
452 1191 610 1230 evadere
632 1192 845 1243 nequirent,
871 1199 1086 1243 pugnantes
1109 1193 1154 1231 ad
1178 1193 1367 1231 ultumum
1391 1188 1668 1239 occubuerunt,

262 1261 332 1287 1166
360 1249 445 1299 plus
475 1248 748 1299 quinquaginta
777 1262 820 1287 ex
849 1249 907 1287 his
938 1250 977 1287 13
1005 1254 1238 1300 potestatem
1266 1249 1439 1288 hostium
1462 1249 1532 1287 vivi
1554 1260 1669 1287 vene-

194 1312 231 1343 11
260 1310 361 1344 runt.
404 1305 567 1355 plusque
596 1305 793 1356 aliquanto
822 1305 952 1344 damni
974 1306 1067 1344 haec
1089 1306 1144 1344 ala
1166 1306 1336 1357 equitum
1360 1306 1501 1344 amissa
1523 1305 1670 1344 Hanni-

261 1362 334 1400 bali
362 1374 477 1412 quam
501 1362 653 1412 Salapia
679 1362 768 1405 fuit:
801 1374 872 1401 nec
893 1362 1028 1400 deinde
1051 1375 1235 1412 umquam
1257 1362 1430 1409 Poenus,
1459 1374 1535 1413 quo
1557 1362 1670 1412 longe

262 1419 484 1469 plurumum
508 1419 685 1464 valuerat,
708 1419 877 1469 equitatu
900 1419 1078 1470 superior
1098 1419 1181 1457 fuit.

374 1475 449 1513 Per
474 1475 575 1513 idem
604 1480 758 1525 tempus
789 1488 875 1514 cum
903 1475 942 1514 in
963 1489 1048 1514 arce
1070 1475 1275 1514 Tarentina
1297 1475 1356 1513 vix
1378 1474 1507 1525 inopia
1528 1474 1667 1513 tolera—
1700 1487 1706 1493 ·

262 1531 347 1570 111115
382 1536 502 1574 esset,
538 1544 648 1582 spem
680 1544 835 1570 omnem
864 1533 1099 1582 praesidium
1129 1532 1232 1583 quod
1265 1532 1314 1570 ibi
1343 1538 1422 1570 erat
1448 1531 1670 1570 Romanum

262 1588 556 1639 praefectusque
583 1588 764 1640 praesidii
786 1594 898 1640 atque
919 1589 1016 1628 arcis
1038 1589 1084 1627 Μ.
1109 1588 1237 1627 Livius
1260 1589 1300 1626 in
1322 1588 1600 1627 commeatibus
1623 1588 1669 1627 ab

193 633 232 664 10

193 748 229 779 11

1701 918 1739 949 10

194 1204 232 1235 13

183 1479 235 1518 39

264 1679 315 1719 19,
337 1679 387 1710 11.
410 1698 454 1702 --
476 1681 630 1711 submoto
646 1691 691 1722 μ,
710 1690 736 1711 5.
756 1680 809 1720 25,
828 1679 857 1721 3,
879 1679 929 1711 18.

261 1743 306 1747 —
322 1727 489 1756 enimvero
506 1725 625 1764 gebort
642 1726 724 1756 auch
740 1725 820 1763 hier,
839 1725 930 1765 s.24,

995 1680 1148 1723 fingenti
1164 1679 1217 1720 24,
1233 1679 1262 1719 5,
1281 1679 1332 1710 12.
1352 1697 1397 1702 —
1417 1679 1504 1720 inde,
1522 1689 1582 1710 aus
1599 1679 1672 1710 dem

1005 1725 1172 1757 Gerichte.

262 1769 316 1809 31,
338 1769 350 1800 1
373 1781 413 1800 zu
430 1769 483 1801 illc
495 1788 539 1793 ——
556 1770 742 1801 eaeclmnat:
760 1771 799 1801 da
814 1768 881 1801 rust
894 1769 930 1810 ja

262 1814 459 1855 wahrhal'tig
496 1826 529 1846 u.
560 1825 586 1846 s.
616 1825 675 1853 w.,
716 1814 788 1846 val.
822 1815 929 1846 Max.:

261 1862 428 1892 enimvero
448 1864 519 1892 tum
535 1860 588 1892 ille
602 1860 799 1902 proclamat.
817 1879 861 1883 —
874 1871 930 1892 ve-

261 1905 359 1937 lutin
377 1916 421 1937 m.
439 1916 480 1944 r.,
504 1905 554 1937 als
581 1906 620 1936 ob
640 1905 729 1945 jetzt
752 1907 843 1937 56136
861 1907 930 1937 An-

262 1951 358 1990 klage
385 1951 588 1991 vollstiiudig
612 1952 775 1982 erwiesen
801 1951 861 1982 sei.
886 1970 930 1973 —

262 1997 331 2037 agi,
351 1996 427 2026 weil
445 1996 586 2027 Blattius
602 1996 753 2027 wirklich
769 1997 829 2027 den
846 1996 931 2028 Ver-

264 2041 341 2071 such
361 2042 511 2080 gemacht
534 2042 606 2080 bat3
633 2041 694 2071 wir
712 2051 831 2081 sagen:
857 2052 930 2072 man

263 2086 362 2116 wolle
381 2086 439 2116 mit
462 2086 524 2116 ihm
548 2096 577 2116 u.
597 2096 624 2116 s.
644 2095 685 2116 w.
714 2104 758 2108 —-
790 2086 930 2127 qaiad„

263 2131 315 2162 die
334 2130 391 2162 mit
407 2131 470 2162 ihm
488 2141 529 2161 zu
548 2129 687 2162 Gericht
712 2140 839 2169 5355611,
859 2131 930 2162 5613

263 2176 446 2215 consilium,
466 2186 492 2207 5.
509 2186 536 2207 c.
552 2174 605 2214 33,
621 2176 650 2206 7.
664 2193 709 2198 —
722 2177 832 2207 minus
847 2176 930 2207 ohne

264 2232 311 2263 eo,
330 2231 356 2252 s.
375 2220 511 2261 6‚20,5.
530 2239 572 2243 —
589 2223 707 2264 posset
722 2239 766 2243 —
783 2223 838 2260 sit,
857 2231 884 2252 5.
903 2231 931 2252 6.

265 2266 319 2307 36,
337 2265 369 2298 2.
386 2284 430 2289 —
446 2265 568 2297 aemul.
591 2283 634 2288 -—
653 2277 736 2307 esse,
754 2276 789 2297 es
808 2266 930 2305 miisse,

264 2312 372 2343 kb'nne
391 2321 452 2342 nur
469 2330 512 2333 —
530 2311 611 2350 sein,
638 2311 701 2351 (die
720 2311 830 2342 diesen
850 2310 932 2342 Auf-

264 2357 340 2388 tritt
356 2356 620 2396 veranlassten)‚
646 2367 672 2387 s.
692 2367 719 2388 6.
747 2356 798 2396 15,
818 2356 869 2388 13.
886 2374 931 2379 —

263 2402 358 2434 liber.
373 2403 465 2444 fing.
490 2413 529 2442 s.‚
553 2401 625 2433 61116
648 2401 930 2441 Anschuldigung,

265 2447 317 2478 die
337 2447 411 2485 ihm,
436 2457 531 2477 wenn
558 2457 595 2478 er
625 2451 729 2478 etwas
760 2447 930 2477 erdichten

266 2492 451 2531 wollte‚ein
466 2490 606 2523 freieres
616 2491 862 2530 Felddarbiite3
878 2491 931 2523 1161

266 2537 325 2568 der
340 2547 377 2568 er
390 2547 458 2568 was
473 2537 794 2569 erwolleerdichten
810 2536 931 2578 konne,

268 2592 294 2613 5.
314 2582 366 2622 30,
385 2582 437 2620 32,
458 2581 493 2613 8:
511 2582 711 2624 colloquium
729 2600 771 2605 -—
786 2582 932 2614 liberum

267 2627 428 2668 fingenti,-
449 2627 502 2667 32,
521 2627 574 2664 32,
593 2627 628 2658 8:
655 2630 693 2659 ut
709 2628 775 2659 sibi
790 2627 932 2659 h‘berum

267 2675 356 2702 esset
372 2672 422 2703 vel
436 2672 481 2703 ad
497 2672 616 2704 bellum
632 2674 783 2704 manenti
792 2672 843 2704 vel
855 2677 932 2712 etc„

268 2716 333 2756 vgl.
359 2716 411 2755 21,
436 2717 494 2755 50,
522 2717 577 2749 10:
611 2717 817 2757 volentibus;
850 2717 933 2749 iiber

1052 1770 1194 1801 11—14.
1214 1773 1337 1809 tamen,
1354 1770 1553 1809 ungeachtet
1566 1769 1626 1800 der
1639 1769 1670 1800 in

1004 1816 1075 1847 dem
1090 1814 1251 1846 Austritte
1271 1825 1331 1846 vor
1350 1814 1509 1846 Hannibal
1527 1814 1673 1845 sichtbar

1004 1861 1225 1901 gewordenen
1245 1860 1441 1900 Abneigung
1463 1860 1521 1891 des
1541 1859 1672 1890 Dasius.

1003 1924 1048 1928 ——
1066 1905 1214 1943 obtzmd„
1232 1906 1295 1937 wie
1321 1916 1421 1936 unser
1444 1905 1501 1946 „in
1522 1905 1583 1936 den
1604 1904 1672 1936 Oh—

1004 1962 1062 1982 ren
1082 1950 1222 1991 liegen⁷',
1241 1961 1267 1982 5.
1287 1950 1317 1988 2,
1340 1951 1391 1990 15,
1410 1950 1441 1982 5.
1460 1969 1502 1973 —-
1524 1960 1584 1981 nec
1600 1951 1673 1981 sine

1004 2001 1068 2027 etc.
1087 1996 1171 2027 wird
1191 1997 1270 2027 nach
1295 1997 1355 2026 der
1376 1995 1589 2038 asyndetisch
1610 2004 1673 2035 ge·-

1004 2041 1151 2080 gebenen
1193 2041 1427 2080 Begriindung:
1466 2040 1567 2082 long-e
1607 2044 1671 2070 etc.

1004 2086 1105 2117 durch
1122 2088 1235 2126 itaque
1248 2090 1312 2116 etc.
1331 2085 1450 2116 weiter
1462 2083 1671 2125 ausgeffihrt.

1003 2149 1047 2153 —
1067 2133 1136 2162 toto
1154 2130 1192 2161 Ρ.
1211 2141 1249 2167 6.,
1274 2131 1338 2161 wie
1362 2130 1392 2161 in
1423 2130 1552 2161 localen
1582 2130 1669 2162 Ver-

1003 2175 1197 2216 hiiltnissen,
1224 2174 1277 2216 39,
1296 2174 1349 2215 30,
1370 2175 1422 2206 12.
1444 2193 1489 2198 -
1510 2186 1595 2207 usus
1613 2185 1671 2215 er„

1003 2221 1121 2252 keinen
1147 2220 1320 2252 Gebrauch
1350 2221 1485 2251 macheu
1514 2220 1672 2261 konnten,

1004 2276 1030 2297 s.
1053 2266 1078 2307 1,
1099 2266 1152 2305 56,
1171 2265 1202 2297 3.
1231 2284 1275 2289 -
1302 2265 1366 2304 ala,
1395 2265 1463 2306 vgl.
1487 2264 1508 2307 ξ
1534 2265 1592 2304 11;
1620 2265 1672 2306 10,

1004 2310 1058 2350 29,
1085 2311 1141 2342 12:
1174 2311 1424 2355 Campanorum
1446 2310 1547 2350 alam,
1577 2311 1674 2352 quin-

1000 2357 1219 2398 gentossere
1235 2358 1372 2398 equites.
1394 2375 1438 2379 —
1462 2356 1527 2387 Das
1546 2355 1673 2388 Ueber-

1003 2402 1148 2442 gewicht
1171 2401 1350 2433 Hannibals
1374 2411 1415 2432 an
1439 2401 1499 2432 der
1522 2400 1671 2433 Reiterei

1004 2447 1086 2478 wird
1115 2447 1186 2478 hier
1214 2451 1286 2478 erst
1308 2446 1521 2477 entschieden
1543 2456 1608 2478 von
1632 2445 1670 2478 L.

1004 2492 1294 2533 hervwgehoben,
1318 2490 1432 2523 friiher
1454 2492 1546 2523 mehr
1570 2501 1671 2531 ange-

1004 2537 1129 2569 deutet.

1050 2575 1119 2614 39.
1150 2582 1364 2614 Seeschlacbt
1380 2581 1432 2612 bei
1449 2580 1585 2612 Tarent.

1052 2626 1148 2659 1—3.
1179 2627 1226 2659 M.
1240 2627 1367 2667 Livius,
1382 2626 1453 2658 hier
1466 2637 1529 2657 von
1542 2625 1580 2657 L.
1596 2635 1668 2657 zum

1005 2677 1116 2704 ersten
1133 2673 1219 2705 Male
1237 2673 1294 2704 mit
1309 2672 1494 2704 Sicberbeit
1508 2671 1668 2710 emanat,

1005 2716 1067 2758 24,
1091 2717 1149 2758 20,
1176 2717 1216 2749 13
1241 2718 1285 2749 ist
1302 2718 1362 2749 der
1377 2716 1479 2750 Name
1503 2726 1565 2748 nur
1581 2715 1670 2748 Ver-
