1784 2967
208 270 260 310 38
673 267 801 300 LIBER
818 267 944 300 XXIV.
979 268 1071 301 CAP.
1093 268 1144 299 17.

1467 282 1493 300 a.
1509 283 1537 300 u.
1553 275 1616 301 540.

159 381 180 413 2
209 384 343 422 agrum
365 371 660 422 Neapolitanum
687 370 733 409 ad
754 370 890 409 Nolam
917 375 1039 409 castra
1065 373 1205 407 movet.
1248 380 1361 419 quem
1383 367 1450 407 ubi
1471 368 1616 407 adven-

179 440 182 446 *
205 433 287 467 tare
316 428 451 466 consul
478 428 618 473 sensit,
647 427 866 478 Pomponio
889 431 1143 477 propraetore
1170 437 1257 464 cum
1281 438 1325 463 eo
1349 425 1529 472 exercitu,
1551 424 1618 476 qui

208 496 326 535 super
353 484 577 523 Suessulam
604 483 644 522 in
672 484 808 522 castris
837 488 936 528 erat,
966 482 1087 520 accito
1120 482 1174 520 ire
1200 481 1350 520 obviam
1378 481 1481 520 hosti
1509 486 1620 532 parat

158 552 177 584 3
206 553 278 579 nec
298 553 448 579 moran]
471 540 677 578 dimicandi
699 540 835 578 facere.
875 538 914 577 C.
938 537 1135 577 Claudium
1157 538 1350 577 Neronem
1369 550 1456 576 eun}
1473 537 1617 577 robore

150 609 156 613 ·
207 597 382 647 equitum
416 596 568 635 silentio
601 596 727 635 noctis
758 608 824 647 per
852 607 1023 633 aversam
1052 595 1219 634 maxime
1246 595 1292 633 ab
1323 595 1437 633 hoste
1462 599 1618 645 portam
1647 603 1666 634 5

206 653 365 699 emittit,
401 653 779 703 circumvectumque
813 651 962 689 occulte
991 651 1174 702 subsequi
1202 651 1350 690 sensim
1378 663 1516 701 agmen
1543 651 1619 689 ho—

207 710 325 748 stium
347 709 453 748 iubet
482 714 537 756 et,
560 721 646 747 cum
669 714 846 746 coortum
868 707 1058 758 proelium
1081 708 1244 753 videret,
1267 708 1314 746 ab
1337 713 1445 757 tergo
1469 720 1510 746 se
1533 706 1618 745 obi-

157 777 180 809 4
209 779 305 804 cere.
346 766 384 804 id
413 778 546 804 errore
568 765 711 804 viarum
734 777 782 803 an
804 763 1005 814 exiguitate
1024 765 1215 816 temporis
1236 764 1337 803 Nero
1360 764 1515 814 exsequi
1537 775 1620 802 non

207 822 396 874 potuerit,
425 822 613 860 incertum
642 827 710 859 est.
760 821 920 859 absente
949 834 993 859 eo
1024 834 1111 859 cum
1140 821 1331 872 proelium
1360 820 1616 859 commissum

207 884 327 925 esset,
365 878 545 928 superior
577 877 731 927 quidem
765 876 867 915 haud
901 877 1015 916 dubie
1047 877 1247 916 Romanus
1284 884 1381 925 erat3
1417 877 1494 922 ,sed
1530 876 1618 927 quia

207 935 355 985 equites
376 946 455 972 non
479 934 632 972 adfuere
652 933 690 971 in
712 938 899 984 tempore,
921 934 1018 972 ratio
1042 934 1280 984 compositae
1300 934 1352 972 rei
1375 933 1527 972 turbata
1549 938 1620 972 est.

206 1003 287 1029 non
322 1003 439 1029 ausus
471 990 620 1041 insequi
649 990 828 1028 cedentes
856 989 1054 1029 Marcellus
1081 991 1322 1029 vincentibus
1351 990 1433 1028 suis
1463 989 1619 1039 signum

158 1059 178 1090 6
206 1048 377 1097 receptui
405 1047 518 1085 dedit.
572 1047 658 1097 plus
686 1051 815 1084 tamen
837 1046 914 1085 duo
938 1047 1041 1085 milia
1063 1047 1235 1085 hostium
1257 1060 1303 1085 eo
1327 1047 1387 1085 die
1409 1058 1518 1085 caesa
1537 1051 1617 1084 tra-

159 1115 176 1145 7
208 1105 370 1150 duntur,
397 1103 585 1142 Romanis
613 1103 741 1141 minus
771 1116 876 1142 cccc.
918 1103 1012 1142 solis
1032 1104 1113 1142 fere
1135 1116 1273 1142 occasu
1295 1104 1397 1141 Nero
1421 1103 1521 1141 diem
1543 1114 1618 1140 no-

208 1165 385 1211 ctemque
406 1160 639 1210 nequiquam
662 1159 825 1210 fatigatis
848 1159 956 1210 equis
978 1160 1281 1211 homiuibusque
1300 1173 1346 1198 ne
1363 1160 1444 1198 viso
1463 1159 1618 1211 quidem

206 1217 320 1255 hoste
341 1217 491 1254 rediens
515 1217 609 1255 adeo
633 1217 797 1266 graviter
819 1220 878 1255 est
899 1216 945 1255 ah
964 1217 1122 1255 consule
1138 1216 1363 1267 increpitus,
1384 1222 1427 1255 ut
1442 1229 1512 1266 per
1529 1227 1618 1254 eum

208 1275 361 1312 stetisse
383 1273 583 1318 diceretur,
607 1285 682 1323 quo
706 1273 835 1311 minus
857 1278 1011 1324 accepta
1033 1273 1078 1312 ad
1097 1273 1246 1312 Cannas
1268 1273 1493 1311 redderetur
1514 1271 1619 1310 hosti

159 1339 178 1371 8
209 1330 348 1368 clades.
389 1335 549 1380 postero
572 1329 632 1368 die
653 1330 854 1368 Romanus
876 1330 915 1368 in
938 1329 1058 1369 aciem
1083 1330 1297 1376 deseendit,
1325 1329 1482 1368 Poenus
1504 1328 1619 1367 tacita

208 1385 321 1424 etiam
344 1386 590 1425 confessione
611 1386 732 1425 victus
757 1386 893 1425 castris
916 1399 957 1425 se
977 1386 1115 1425 tenuit.
1157 1387 1271 1425 tertio
1293 1386 1354 1424 die
1372 1385 1525 1424 silentio
1542 1396 1617 1423 no-

158 834 178 865 &⁷

1649 884 1690 916 10

1651 1165 1690 1196 15

256 1565 284 1596 l.
321 1565 403 1597 Cum
421 1583 464 1587 —
479 1568 662 1606 geruntur,
688 1564 755 1596 Cic.
776 1565 876 1596 Verr.

208 1609 238 1651 2,
253 1609 284 1649 2,
300 1610 352 1647 52,
371 1610 448 1641 130:
466 1610 659 1642 Herodorus
676 1620 751 1642 cum
769 1609 879 1642 Roma

209 1658 413 1692 revertitur,·
439 1655 471 1686 S.
500 1656 596 1686 Rosa.
616 1657 668 1691 41,
696 1655 775 1686 120:
801 1666 878 1687 omn

210 1700 394 1737 occz'd2·tm·,·
420 1701 461 1731 ib.
483 1700 533 1741 34,
553 1701 613 1739 953
634 1701 706 1731 Liv.
722 1700 775 1740 36,
791 1701 821 1741 5,
840 1702 874 1732 1:

209 1756 285 1777 cum
312 1764 356 1768 —
386 1747 595 1786 agebantnr;
627 1745 679 1783 35,
698 1745 728 1784 S,
751 1745 787 1783 13
820 1746 874 1786 45,

209 1790 262 1829 34,
281 1791 336 1822 10:
351 1801 423 1821 cum
439 1791 519 1822 llaec
533 1794 688 1831 —gesia
702 1794 784 1822 sunt
796 1795 874 1829 etc.3

209 1835 262 1875 34,
281 1835 312 1873 3,
332 1836 368 1873 ῖς
397 1836 427 1875 2,
448 1836 500 1875 51,
524 1835 550 1866 1.
567 1854 611 1857 —
628 1836 873 1876 Hannibalem,

209 1890 234 1911 s.
255 1891 281 1911 e.
305 1881 354 1912 13.
379 1899 422 1904 -—
446 1880 570 1915 consul,
596 1891 632 1911 er
658 1882 786 1912 scheint
803 1881 874 1912 sein

208 1925 316 1965 Lager
346 1926 447 1956 niiher
475 1926 526 1956 bei
544 1926 639 1965 Nola,
659 1937 686 1957 s.
712 1936 738 1957 c.
766 1926 816 1967 13,
842 1926 872 1967 9,

208 1971 326 2009 gehabt
343 1981 383 2001 zu
403 1971 516 2001 habrn.

254 2015 353 2045 2—3.
382 2016 584 2057 Pomponio,
610 2017 648 2046 da
666 2017 777 2046 diest-r
795 2017 874 2047 nach

210 2070 236 2090 c.
266 2060 314 2100 10,
340 2061 358 2089 3
386 2061 416 2090 111
445 2060 573 2091 Gallien
602 2061 670 2090 sein
698 2062 777 2097 soll,
810 2061 875 2092 und

211 2106 292 2135 noch
312 2115 339 2134 c.
359 2105 410 2142 41,
431 2104 447 2133 13
473 2105 532 2135 deu
557 2105 666 2135 ssel'chl
691 2106 797 2136 erhiilt
817 2107 873 2137 das

210 2150 287 2180 dori
311 2150 468 2180 slehendc
488 2150 574 2179 llecr
598 2150 668 2180 ‹lein
691 2150 873 2181 Tuditanus

211 2205 252 2225 zu
276 2194 474 2234 iiber-gehen,
505 2205 540 2224 so
571 2194 654 2225 liissl„
684 2196 751 2225 sich
778 2196 873 2226 kaurn

210 2240 401 2277 annehinen,
420 2240 495 2269 dass
515 2239 594 2268 erin
611 2240 670 2269 der
684 2240 874 2271 Zwisehen-

210 2285 277 2315 zcit
314 2285 365 2315 dic
399 2284 540 2314 Prminz
577 2285 749 2314 verlassrn
785 2286 874 2324 habe,

210 2330 352 2360 sondcrn
378 2329 453 2359 dass
481 2329 531 2358 ein
554 2327 691 2359 lrrlhuun
714 2329 775 2360 Lss
796 2331 876 2361 oder

211 2375 270 2405 (lrr
295 2374 518 2405 Ahsrhmribri·
542 2373 630 2404 stau
655 2374 752 2405 hahe:
785 2375 875 2405 xiell.

211 2420 301 2449 hatte
321 2420 380 2450 der
395 2420 446 2453 22,
459 2420 514 2459 ᾖξ’)
530 2423 692 2457 genannte
711 2419 752 2449 M.
771 2419 791 2449 l’
802 2431 818 2448 0
829 2430 877 2449 111-

211 2464 355 2505 penius
397 2465 454 2494 ‹las
488 2463 684 2493 (Ionunmnlo
715 2465 876 2494 rrhallen.

210 2528 252 2530 d,
276 2519 380 2551 snper
403 2509 455 2545 S„
481 2509 532 2538 dic
558 2508 673 2538 Castra
698 2508 877 2539 Claudiana

211 2564 237 2584 s.
256 2553 309 2591 23,
331 2554 382 2593 Ἡ,
402 2555 431 2584 33.
468 2553 651 2588 Claudium,
676 2563 713 2583 er
733 2553 775 2583 ist
793 2554 879 2584 wohl

212 2598 325 2637 Legat.
342 2616 385 2620 *-
397 2601 793 2641 portam*castrat-um,
812 2598 877 2637 vgl.

212 2643 242 2681 2,
276 2643 326 2681 11,
357 2644 392 2673 5:
433 2646 535 2686 portu
568 2643 757 2685 Esquilina,
794 2654 878 2684 quae

212 2689 431 2719 aversissima
462 2690 502 2719 ab
532 2689 628 2719 ltosle
651 2691 735 2726 erut,
770 2688 821 2719 die
846 2698 876 2729 p.

950 1566 1141 1606 decumana,
1176 1576 1201 1597 s.
1229 1565 1307 1596 Tac.
1327 1565 1411 1596 Ann.
1442 1564 1471 1606 1,
1495 1563 1550 1595 66.
1573 1581 1619 1587 —

949 1613 1123 1653 subsequi,
1149 1621 1246 1641 wenn
1271 1621 1308 1642 er
1331 1620 1390 1641 aus
1414 1610 1486 1641 dem
1509 1609 1619 1649 Lagei·

949 1656 1140 1688 aufbreche.
1181 1657 1309 1688 obicere
1331 1655 1454 1686 kb'nnte
1480 1665 1542 1685 nur
1559 1655 1617 1686 be—

949 1702 1087 1733 deuten:
1107 1702 1175 1732 sich
1193 1699 1253 1732 auf
1267 1701 1317 1731 11111
1337 1699 1474 1740 werten,
1493 1710 1545 1731 um
1563 1700 1617 1731 ihu

949 1757 988 1777 an
1015 1745 1160 1787 heftigeu
1187 1746 1358 1785 Angriffen
1385 1746 1466 1776 oder
1490 1755 1531 1776 an
1557 1745 1618 1775 der

949 1792 1078 1832 Flucht,
1105 1802 1132 1823 s.
1151 1802 1178 1822 c.
1200 1792 1251 1830 17,
1271 1792 1301 1829 7,
1320 1801 1361 1821 zu
1379 1791 1529 1827 hindern,
1548 1789 1616 1829 vgl.

948 1837 1000 1880 25,
1023 1837 1072 1878 16,
1090 1837 1125 1868 4;
1151 1838 1191 1868 ab
1210 1839 1307 1878 tergo
1322 1854 1367 1857 —
1386 1835 1604 1868 occurrendo.

992 1901 1091 1933 4--6,
1126 1912 1258 1941 errore,
1284 1901 1361 1932 weil
1380 1911 1416 1932 er
1434 1901 1532 1941 irrte,
1557 1909 1617 1931 aus

948 1946 1102 1986 Irrthum‚
1133 1947 1213 1977 oder
1242 1956 1356 1986 wegen
1387 1957 1418 1978 u.
1437 1956 1463 1976 s.
1481 1955 1535 1987 w.,
1562 1943 1615 1984 36,

953 1991 1003 2032 19,
1026 1992 1076 2022 10.
1101 2010 1145 2014 -—
1168 1994 1255 2023 ratio
1279 2002 1384 2033 comp.
1413 2001 1459 2029 1·.,
1483 1990 1534 2021 die
1553 1989 1616 2020 Be-

950 2038 1119 2077 rechnung
1137 2037 1167 2067 in
1188 2038 1247 2067 der
1263 2037 1473 2075 Anordnung.
1491 2054 1531 2059 —
1548 2034 1617 2067 Ro-

948 2084 1060 2113 manis
1079 2100 1123 2104 —
1143 2081 1250 2113 CCCC
1266 2082 1309 2112 ist
1333 2081 1418 2111 wohl
1448 2095 1493 2106 =
1516 2079 1614 2112 Hom..

949 2127 1217 2169 quadringentis,
1244 2127 1274 2157 d.
1295 2127 1323 2157 h.
1347 2128 1460 2157 minas
1482 2127 1522 2164 (n.
1541 2135 1616 2156 eae-

947 2183 1068 2213 sz1m,s.
1079 2183 1104 2202 c.
1116 2172 1168 2211 41,
1181 2172 1231 2211 10,
1247 2174 1358 2213 quom)
1377 2170 1620 2213 quadringenti

947 2217 1100 2249 Romani.
1114 2252 1116 2254 v
1130 2217 1260 2248 Andere
1274 2217 1364 2248 lesen
1380 2216 1621 2258 quadringente?

949 2263 1029 2294 oder
1046 2262 1192 2294 Romani
1206 2281 1251 2284 —
1268 2262 1520 2304 qnadrthg-enti.

996 2331 1090 2362 ἰ’-8.
1127 2331 1264 2366 homin..
1296 2330 1348 2367 21,
1368 2329 1422 2369 27,
1443 2329 1471 2360 l.
1491 2348 1535 2351 —
1555 2339 1618 2372 per

950 2387 1026 2407 eum
1043 2379 1097 2413 st„
1122 2386 1157 2407 es
1181 2376 1228 2406 sei
1254 2376 1355 2406 durch
1373 2376 1423 2405 ihu
1443 2374 1618 2413 gehindert

951 2423 1097 2462 worden,
1117 2431 1143 2452 s.
1162 2420 1192 2455 2,
1213 2420 1266 2459 31,
1290 2420 1340 2451 ll.
1357 2438 1402 2442 —
1418 2422 1557 2461 accepta
1573 2437 1618 2441 ——-

952 2466 1043 2497 redd.
1064 2466 1130 2506 vgl.
1151 2476 1179 2496 c.
1198 2466 1251 2499 20,
1272 2465 1308 2503 23
1336 2465 1390 2502 27,
1409 2465 1461 2505 49,
1480 2464 1515 2494 ὃς
1541 2464 1618 2496 red-

951 2511 1086 2552 ditaque
1102 2522 1209 2553 aequa
1227 2511 1394 2542 Cannensi
1408 2509 1530 2540 eludes.
1550 2509 1618 2540 Zur

952 2556 1056 2586 δίῃ-1η»,
1088 2567 1114 2586 s.
1135 2556 1186 2596 23,
1209 2556 1248 2586 16
1267 2566 1297 2587 a.
1317 2556 1354 2586 E.
1389 2554 1558 2586 deberetur
1585 2565 1617 2585 n.

950 2601 1075 2631 wieder
1091 2612 1154 2631 von
1174 2602 1245 2632 dein
1261 2600 1394 2641 Consul,
1414 2601 1495 2630 oder
1511 2599 1617 2639 allge-

949 2645 1140 2683 allgeinein:
1167 2656 1238 2677 inan
1263 2647 1431 2683 {iusserte,
1456 2655 1483 2676 c.
1509 2645 1561 2685 45,
1585 2645 1616 2675 5.

949 2707 991 2711 -—
1009 2691 1189 2731 coqsessio,
1206 2691 1257 2729 21,
1273 2691 1326 2730 40,
1341 2690 1372 2722 2.
1391 2708 1435 2712 ——
1452 2692 1533 2722 cert.
1549 2700 1617 2733 sp„
