1784 2967
206 306 225 338 4

206 417 224 447 5

204 532 223 561 6

206 649 222 680 Τ

205 760 223 791 8

208 870 226 901 9

184 1045 222 1076 10

184 1212 216 1244 11

184 1327 222 1359 12

184 1496 221 1527 13

254 195 335 234 202
732 192 858 226 LIBER
875 193 999 227 XXVI.
1033 193 1127 226 CAP.
1147 194 1175 227 1.

1507 211 1533 229 a..
1547 211 1574 230 u.
1590 205 1650 230 543.

254 297 391 336 iustior
416 296 506 343 fuit,
534 307 649 346 quam
678 296 781 347 quod
803 295 895 336 urbs
916 301 994 336 tam
1016 297 1155 336 nobilis
1177 310 1220 336 ac
1240 302 1397 348 potens,
1427 296 1525 336 sicut
1545 297 1651 336 defe-

255 353 380 392 ctione
409 366 476 392 sua
504 357 670 392 traxerat
695 353 838 404 aliquot
858 354 1044 405 populos,
1072 354 1120 392 ita
1142 360 1295 406 recepta
1315 354 1540 394 inclinatura
1562 367 1650 394 rur-

254 423 321 449 sus
343 410 495 449 animos
516 409 714 449 videbatur
734 410 777 449 ad
801 411 937 449 veteris
960 411 1110 462 imperii
1132 416 1362 462 respectum.
1405 416 1441 450 et
1462 411 1650 462 praetori-

254 467 324 506 bus
348 466 489 517 prioris
507 466 608 512 anni,
630 467 678 505 M.
696 467 807 506 lunio
825 467 862 505 in
881 468 1029 506 Etruria
1048 467 1088 506 P.
1108 468 1340 520 Sempronio
1358 468 1397 506 in
1415 467 1543 514 Gallia,
1565 481 1649 507 cum

252 523 353 562 binis
388 522 622 573 legionibus,
665 536 760 574 quas
795 524 1021 571 habuerant,
1056 530 1308 575 prorogatum
1346 530 1404 563 est
1429 525 1651 575 imperium3

253 585 505 631 prorogatum
528 585 564 618 et
586 580 631 618 M.
654 581 842 629 Marcello,
865 586 907 620 ut
928 593 997 632 pro
1022 581 1181 620 consule
1203 583 1240 620 in
1259 582 1384 620 Sicilia
1405 580 1547 632 reliqua
1567 581 1652 620 belli

252 638 451 688 perficeret
472 650 515 675 eo
539 637 719 684 exercitu,
743 650 857 688 quem
880 638 1051 676 haberet:
1074 638 1105 676 si
1129 639 1398 690 supplemento
1423 650 1521 688 opus
1538 643 1652 682 esset,

253 693 449 745 suppleret
470 694 516 732 (le
537 693 765 744 legionibus,
789 694 926 744 quibus
943 695 982 734 P.
1001 694 1200 734 Cornelius
1221 699 1451 747 propraetor
1471 694 1510 732 in
1528 694 1652 733 Sicilia

254 756 466 801 praeesset,
497 750 587 788 dum
615 763 663 789 ne
690 763 805 802 quem
829 750 986 789 militem
1008 751 1149 801 legeret
1169 765 1212 790 ex
1236 765 1281 790 eo
1303 763 1485 798 numero,
1514 751 1652 802 quibus

254 812 409 846 senatus
446 806 674 845 missionem
709 807 952 858 reditumque
984 807 1022 845 iu
1056 809 1217 858 patriam
1250 813 1428 859 negasset
1455 813 1540 846 ante
1567 807 1652 846 belli

254 865 382 902 finem.
434 863 472 902 C.
501 863 692 914 Sulpicio,
728 863 787 902 cui
815 863 940 902 Sicilia
976 871 1170 911 evenerat,
1204 865 1301 904 duae
1332 866 1521 916 legiones,
1556 877 1651 915 quas

253 921 294 959 P.
326 919 527 959 Cornelius
563 920 779 967 habuisset,
813 921 984 959 decretae
1011 926 1047 959 et
1075 921 1386 973 supplementum
1414 922 1459 960 de
1487 921 1650 959 exercitu

252 978 319 1016 Cn.
337 977 468 1024 Fulvii,
486 977 549 1028 qui
567 977 697 1028 priore
713 989 812 1016 anno
831 977 869 1016 in
887 977 1019 1028 Apulia
1036 978 1145 1016 foede
1163 991 1297 1017 caesus
1313 979 1542 1029 fugatusque
1561 983 1651 1016 erat.

252 1034 343 1073 huic
371 1033 501 1085 generi
530 1034 693 1073 militum
723 1041 878 1073 senatus
907 1035 1073 1073 eundem
1102 1047 1217 1085 quem
1244 1034 1508 1074 Cannensibus
1537 1035 1650 1073 finem

251 1096 437 1130 statuerat
458 1090 623 1131 militiae.
665 1091 836 1130 additum
858 1091 970 1130 etiam
993 1097 1247 1143 utrorumque
1268 1091 1487 1142 ignominae
1509 1097 1578 1139 est,
1605 1103 1653 1129 ne

251 1148 290 1186 in
313 1147 466 1199 oppidis
487 1147 746 1194 hibernarent,
769 1161 862 1187 neve
882 1148 1038 1186 hiberna
1059 1149 1222 1199 propius
1240 1149 1353 1188 ullam
1371 1149 1506 1187 urbem
1522 1148 1654 1187 decem

251 1204 406 1244 milibus
428 1217 615 1255 passuum
633 1205 886 1244 aedificarent.
921 1205 961 1243 L.
980 1204 1156 1244 Cornelio
1174 1206 1213 1244 in
1232 1205 1406 1245 Sardinia
1424 1205 1520 1244 duae
1535 1204 1654 1255 legio-

252 1273 320 1300 nes
343 1261 462 1307 datae,
491 1262 631 1312 quihus
655 1262 699 1309 Q.
721 1262 867 1300 Mucius
889 1262 1122 1312 praefuerat,
1155 1262 1480 1313 supplementum,
1502 1262 1533 1300 si
1556 1274 1654 1312 opus

251 1323 372 1365 esset,
403 1318 581 1357 consules
611 1318 778 1358 scribere
807 1318 913 1357 iussi.
955 1319 998 1357 T.
1028 1319 1186 1358 Otacilio
1210 1324 1247 1358 et
1266 1319 1315 1358 M.
1340 1318 1483 1357 Valerio
1507 1318 1654 1357 Siciliae

253 1375 508 1426 Graeciaeque
537 1388 603 1414 ora
631 1388 718 1415 cum
746 1375 960 1426 legionibus
983 1376 1265 1427 classibusque,
1293 1375 1430 1427 quibus
1453 1380 1655 1426 praeerant

253 1433 436 1471 decretae.
478 1432 754 1483 quinquaginta
778 1433 933 1471 Graecia
955 1445 1042 1471 cum
1064 1433 1213 1483 legione
1235 1445 1326 1479 una,
1354 1437 1506 1471 centum
1529 1432 1653 1471 Sicilia

253 1501 341 1528 cum
364 1488 511 1527 duabus
533 1489 748 1540 legionibus
770 1489 959 1528 habebant
980 1502 1107 1528 naves.
1148 1490 1271 1529 tribus
1294 1495 1330 1528 et
1345 1489 1477 1540 viginti
1493 1488 1653 1540 legioni-

251 1545 322 1585 bus
345 1545 530 1585 Romanis
553 1559 597 1585 eo
621 1558 722 1585 anno
744 1546 884 1585 bellum
905 1552 1005 1586 terra
1027 1546 1199 1598 marique
1221 1551 1279 1585 est
1299 1551 1462 1597 gestum.

251 1682 318 1715 dioc
335 1685 450 1727 potest
473 1685 621 1723 tautum,
654 1693 753 1725 qaam
780 1693 817 1714 re
844 1684 920 1726 ipsa
992 1683 1053 1724 Ius,
1073 1693 1100 1713 5.
1120 1682 1172 1723 25,
1191 1681 1219 1724 3,
1240 1681 1270 1713 6.
1293 1700 1338 1704 —
1361 1681 1442 1714 dum
1462 1693 1504 1713 ne
1522 1686 1597 1721 etc„
1627 1692 1653 1712 5.

250 1730 412 1771 navigare
442 1728 691 1760 incommodum
724 1731 794 1767 es&
835 1728 919 1759 Stat.
993 1727 1046 1767 23,
1061 1727 1114 1765 25,
1130 1728 1160 1759 7,
1175 1746 1216 1749 —
1231 1729 1358 1768 missio,
1377 1727 1580 1767 Entlassung
1597 1737 1655 1758 aus

251 1774 333 1806 Silv.
354 1774 383 1811 5,
404 1773 478 1810 212,
505 1773 571 1813 vgl.
601 1773 628 1812 1,
654 1774 684 1814 7,
711 1773 746 1805 9:
770 1773 919 1816 aliquan-

252 1822 341 1859 tum,
365 1818 403 1850 Z.
422 1819 442 1861 ξ
461 1818 525 1850 488
546 1819 584 1850 A.
615 1837 659 1841 ——
686 1822 830 1862 recepta,
861 1819 918 1850 das

251 1865 393 1907 Particip
420 1865 607 1906 entspricbt
631 1865 702 1896 dem
726 1865 837 1896 Ablat.
862 1864 918 1896 de-

240 1911 398 1953 sectione
416 1920 489 1948 sua,
509 1909 576 1950 vgl.
597 1920 624 1941 c.
641 1909 671 1950 3,
686 1910 724 1948 43
749 1910 775 1950 1,
791 1910 823 1950 4,
836 1910 920 1942 2.-

251 1958 405 1999 1·e.spect.‚
425 1965 450 1986 s.
471 1954 526 1995 24,
544 1955 599 1994 45,
619 1956 653 1986 5:
672 1956 704 1986 si
717 1958 847 1997 ιμιῖε-ἡ
860 1966 918 1986 αη-

251 2003 378 2043 tiquam
392 2002 588 2032 societatem.
605 2002 763 2044 respiciat
769 2014 780 2040 ,·
798 2000 847 2041 39,
865 2000 918 2041 28,

255 2046 306 2077 14.
324 2065 367 2068 —
383 2046 588 2085 inclinatur„
608 2046 775 2077 bewirken
795 2045 918 2087 wiirde,

250 2092 327 2123 dass
345 2101 382 2122 er
399 2102 429 2122 u.
451 2101 478 2122 s.
496 2100 539 2122 w.

297 2136 395 2168 5—8.
419 2138 635 2180 praetoribus
649 2136 738 2168 steht
755 2136 842 2167 nicht
860 2146 917 2176 ge-

252 2193 314 2214 nau
332 2191 446 2219 vorau,
477 2182 516 2213 da
543 2182 614 2213 dem
644 2181 701 2213 Cn.
721 2181 871 2220 Fulvius,
891 2192 917 2212 5.

252 2239 279 2260 c.
299 2227 317 2259 2
334 2227 364 2259 ff.
384 2227 441 2258 (135
469 2227 637 2269 imperium
667 2227 756 2258 nicht
785 2226 918 2258 verl'zin-

252 2278 327 2313 gert
344 2273 438 2313 wird,
458 2272 491 2304 P.
513 2272 725 2314 Sempronius
745 2272 843 2303 sehon
864 2272 916 2310 25,

252 2319 284 2359 3,
303 2319 321 2349 5
340 2319 397 2350 (135
416 2318 585 2360 imperium
600 2319 778 2360 prorogirt,
797 2328 834 2348 er
847 2317 917 2347 also

249 2364 338 2405 jetzt
357 2368 552 2405 propraetor
569 2363 621 2401 ist,
641 2374 666 2394 5.
687 2362 739 2402 26,
758 2362 810 2404 33,
829 2362 859 2393 4.
875 2381 917 2384 -

255 2409 413 2441 Claudias
432 2407 533 2448 Nero,
548 2409 607 2440 der
621 2419 680 2440 vor
695 2409 804 2450 Capua
819 2408 919 2447 steht,

255 2465 282 2486 s.
303 2455 356 2495 25,
375 2454 434 2491 223
460 2454 512 2494 26,
534 2454 563 2496 5,
583 2454 619 2493 ὃς
643 2454 692 2493 17,
718 2454 761 2485 ist
779 2453 919 2493 iiberge-

255 2510 394 2541 gangen.
413 2519 456 2522 —
471 2510 536 2543 pro
551 2510 651 2539 cons„
671 2499 722 2540 23,
738 2498 788 2540 30,
812 2498 861 2529 19.
876 2517 920 2520 —

253 2545 378 2587 reliqua
396 2545 478 2585 belli,
494 2556 519 2576 s.
535 2545 564 2583 9,
587 2544 637 2585 16,
659 2544 693 2583 13
718 2544 771 2582 25,
794 2544 841 2584 15,
861 2543 919 2574 20:

254 2592 366 2622 subiba
384 2590 475 2629 belle,
501 2591 647 2631 dagegen
665 2589 718 2630 25,
736 2589 788 2631 40,
807 2589 841 2620 5:
867 2600 920 2621 re-

254 2635 376 2678 liquiae
393 2636 527 2668 bellz·.—
542 2636 581 2668 P.
601 2635 728 2669 Cornel.
747 2646 776 2667 n.
793 2633 919 2668 Leutu-

993 1774 1065 1805 dem
1089 1771 1359 1813 h'riegsdienste,
1388 1773 1469 1804 auch
1493 1773 1576 1803 dazu
1600 1782 1656 1813 ge-

993 1819 1070 1850 bb'rt
1087 1821 1166 1850 ante
1183 1819 1384 1861 bellifinem.

1039 1864 1160 1896 9—11.
1186 1866 1379 1907 qm'prz'ore,
1402 1873 1491 1895 muss
1516 1863 1584 1894 sich
1601 1863 1655 1894 aut

993 1912 1144 1942 eoeercitu
1176 1909 1345 1941 bezieben.
1388 1908 1458 1939 Zur
1490 1908 1594 1940 Sacbe
1628 1919 1654 1939 s.

993 1954 1044 1995 25,
1064 1954 1117 1986 21.
1135 1974 1178 1977 ——
1202 1957 1391 1995 utrorumq.
1416 1958 1489 1994 etc„
1513 1953 1579 1994 vgl.
1604 1953 1654 1984 die

992 2001 1146 2031 Antwort
1160 1999 1218 2031 auf
1228 2000 1278 2031 die
1291 1999 1375 2030 Bitte
1390 1998 1655 2040 derCannenser,

992 2044 1044 2083 25,
1066 2045 1095 2083 7,
1114 2044 1457 2087 3ff.—aed{ficar.,5‚
1479 2044 1507 2075 1.
1521 2062 1566 2066 —-
1579 2043 1655 2076 Mu-

992 2092 1074 2130 cius,
1100 2090 1152 2131 25,
1172 2090 1201 2130 3,
1220 2090 1250 2121 6.
1284 2108 1327 2112 -
1359 2090 1504 2122 scribere
1527 2100 1565 2131 c.,
1589 2089 1654 2130 vgl.

991 2135 1044 2175 25,
1063 2136 1092 2174 5,
1112 2136 1143 2166 5.

1039 2180 1089 2212 12.
1112 2179 1269 2213 Graeciae
1287 2191 1344 2222 (ηπ,
1368 2181 1427 2211 (161·
1443 2179 1655 2219 Westffiiste,

991 2245 1030 2248 ψ
1050 2224 1115 2257 Sic.
1134 2236 1160 2257 c.
1179 2226 1277 2258 duab.
1296 2226 1327 2265 L,
1346 2226 1476 2267 vorher,
1492 2236 1517 2257 s.
1534 2225 1587 2266 24,
1606 2225 1655 2264 10,

992 2272 1028 2309 53
1045 2271 1085 2302 ib.
1107 2271 1156 2313 12,
1178 2271 1214 2309 73
1233 2271 1287 2310 43,
1303 2271 1333 2312 6,
1353 2272 1396 2302 ist
1413 2271 1500 2302 nicht
1513 2280 1657 2310 angege-

992 2317 1063 2355 ben,
1083 2317 1158 2348 dass
1178 2316 1337 2348 Otacilius
1356 2316 1452 2347 nebst
1470 2317 1528 2347 der
1544 2315 1655 2347 Flotte

993 2362 1076 2393 zwei
1092 2362 1259 2402 Legionen
1279 2362 1493 2393 commandirt
1512 2361 1602 2401 habe,
1620 2371 1655 2392 es

993 2407 1063 2439 sind
1078 2408 1148 2438 also
1163 2408 1227 2439 wol
1243 2408 1293 2439 die
1309 2408 1366 2438 des
1381 2406 1558 2438 Marcellus
1578 2406 1657 2437 oder

994 2453 1166 2484 Cornelius
1185 2453 1336 2493 gemeint,
1359 2452 1425 2492 vgl.
1445 2462 1470 2482 c.
1491 2451 1544 2490 23,
1563 2450 1594 2482 3.
1612 2469 1655 2474 —

994 2499 1070 2530 trib.
1091 2501 1123 2530 et
1140 2509 1179 2538 (κ,
1198 2499 1289 2530 (11656
1309 2498 1379 2529 sind
1397 2497 1437 2528 im
1452 2497 1657 2537 Vorbergeh.

995 2544 1083 2574 nicht
1105 2544 1170 2574 alle
1195 2543 1405 2584 angegeben,
1428 2543 1491 2573 und
1515 2552 1609 2573 wenn
1636 2542 1654 2572 2

995 2588 1298 2629 Reservelegionen
1327 2587 1535 2628 ausgeboben
1564 2597 1656 2618 wur—

995 2634 1066 2677 den,
1096 2644 1122 2666 s.
1141 2645 1168 2667 c.
1192 2634 1225 2676 8,
1248 2633 1278 2675 6,
1310 2634 1382 2666 vier
1399 2633 1565 2674 Legionen
1584 2643 1654 2664 we-

1685 813 1723 844 10

1686 1095 1724 1126 15

1683 1379 1724 1411 20
1783 1367 1784 1405 l
