1784 2967
38 810 79 842 10

39 1091 80 1123 15

516 193 642 226 LIBER
666 193 823 226 xxvm.
872 193 964 227 CAP.
992 194 1044 227 43.
1072 195 1124 226 44.
1432 195 1513 233 229

111 211 136 230 a.
153 203 206 231 Ch.
224 202 286 229 205.

111 297 225 344 derit,
252 308 378 348 neque
407 297 631 336 recordatur
656 296 707 335 illi
736 295 810 347 ipsi
839 300 915 335 tam
939 297 1075 336 infelici
1097 297 1322 348 imperatori
1342 297 1515 348 patuisse

108 360 237 393 tamen
265 359 403 404 portus
431 354 599 400 Africae,
632 358 669 391 et
694 365 755 391 res
785 354 955 403 egregias
983 354 1109 405 primo
1138 366 1237 393 anno
1268 354 1437 403 gessisse
1465 358 1513 398 et,

111 414 297 461 quantum
319 411 364 449 ad
386 410 720 460 Carthaginienses
743 410 859 448 duces
881 411 1042 456 adtinet,
1063 411 1246 449 invictum
1268 410 1313 449 ad
1338 410 1514 449 ultimum

109 467 384 518 permansisse.
431 466 525 505 nihil
553 466 668 517 igitur
695 478 757 504 me
782 466 858 504 isto
886 472 926 504 tu
954 467 1127 517 exemplo
1150 466 1346 505 terrueris.
1389 467 1420 505 si
1441 467 1517 505 hoc

1546 472 1586 503 18

108 524 230 572 bello,
258 535 337 562 non
359 523 506 574 priore,
536 523 568 561 si
594 534 719 573 nuper
747 528 784 561 et
810 534 888 561 non
917 523 1027 562 annis
1056 528 1143 562 ante
1164 536 1263 562 xxxx
1291 523 1362 561 ista
1390 523 1514 561 clades
1565 547 1569 550 -

109 585 264 631 accepta
284 580 394 625 foret,
418 579 481 630 qui
503 591 572 629 ego
595 579 725 617 minus
748 579 786 617 in
809 579 975 618 Africam
996 579 1141 630 Regulo
1165 585 1275 630 capto
1298 592 1412 630 quam
1431 579 1516 618 Soi-

108 637 292 688 pionibus
322 636 458 675 occisis
487 635 526 674 in
549 635 772 686 Hispaniam
794 635 1026 675 traicerem?
1055 648 1126 674 nec
1152 636 1300 674 felicius
1323 635 1515 686 Xanthip-

107 705 202 744 pum
223 692 571 731 Lacedaemonium
595 692 813 742 Carthagini
835 705 952 743 quam
975 705 1036 730 me
1056 692 1199 743 patriae
1220 705 1327 730 meae
1348 692 1516 730 sinerem

108 754 241 789 natum
264 761 370 794 esse;
393 753 659 799 cresceretque
680 749 775 787 mihi
798 762 842 787 ex
861 762 906 787 eo
924 749 1010 799 ipso
1030 749 1178 795 fiducia,
1202 749 1305 799 quod
1327 748 1456 799 possit
1475 748 1514 787 in

108 805 278 844 hominis
300 805 414 843 unius
436 805 575 844 virtute
595 809 746 844 tantum
769 805 956 844 momenti
978 818 1077 844 esse.
1120 810 1157 843 at
1173 806 1284 844 etiam
1302 805 1510 843 Athenien-

108 874 171 901 ses
193 861 371 900 audiendi
392 867 502 907 sunt,
530 866 675 900 temere
702 861 742 900 in
764 862 928 901 Siciliam
959 862 1106 900 omisso
1137 861 1243 900 domi
1265 861 1363 900 hello
1384 866 1515 899 trans-

108 918 232 969 gressi
247 931 321 956 -—:
345 930 413 957 cur
430 930 535 968 ergo,
559 919 742 968 qnoniam
761 917 924 957 Graecas
941 918 1087 957 fabulas
1104 929 1283 956 enarrare
1300 923 1416 964 vacat,
1434 929 1515 955 non

107 974 358 1025 Agathoclem
380 974 510 1025 potius
535 974 819 1025 Syracusanum
842 987 987 1025 regem,
1015 987 1100 1012 cum
1133 975 1196 1012 diu
1219 974 1344 1012 Sicilia
1367 973 1515 1012 Punico

107 1031 206 1070 hello
229 1035 426 1076 ureretur,
452 1035 741 1080 transgressum
770 1032 808 1069 in
834 1032 932 1070 hanc
961 1031 1122 1069 eandem
1146 1030 1310 1068 Africam
1333 1030 1517 1068 avertisse

111 1100 156 1126 eo
178 1087 334 1132 bellum,
358 1087 461 1125 unde
482 1092 650 1133 venerat,
671 1087 792 1126 refers
804 1086 853 1125 ‘?“

223 1143 333 1189 „Sed
357 1143 446 1193 quid
471 1143 570 1181 ultro
593 1149 741 1182 metum
764 1144 905 1182 inferre
927 1143 1028 1181 hosti
1051 1148 1088 1180 et
1109 1143 1155 1181 ab
1179 1156 1219 1181 se
1239 1147 1391 1181 remoto
1414 1142 1517 1193 peri-

109 1200 194 1239 culo
225 1198 339 1238 alium
366 1200 406 1238 in
428 1199 639 1237 discrimen
661 1200 853 1239 adducere
876 1200 988 1250 quale
1010 1199 1075 1245 sit,
1105 1199 1296 1238 veteribus
1328 1199 1516 1238 externis—

155 1310 297 1342 17-21,
312 1310 371 1342 Die
385 1309 603 1351 angeffihrten
613 1311 777 1352 Beispiele

108 1356 276 1387 beweisen
294 1356 420 1394 nichts;
438 1356 561 1386 andere
579 1356 701 1395 gerade
719 1356 776 1387 das

109 1400 317 1441 Gegentheil.
331 1419 376 1423 —
393 1401 584 1442 offenderit,
599 1401 692 1432 einen
709 1400 777 1433 Un-

108 1444 167 1477 fall
184 1446 319 1477 erlitten
337 1445 436 1485 habe,
462 1446 599 1477 mildere
618 1446 776 1477 Bezeich-

107 1501 197 1531 nung
213 1492 272 1522 der
290 1491 503 1531 Niederlage,
524 1501 549 1522 s.
569 1490 623 1531 35,
645 1490 695 1531 16,
717 1491 775 1530 103

107 1536 203 1567 Caes.
230 1536 262 1567 B.
289 1535 323 1567 C.
347 1536 377 1575 3,
401 1535 432 1575 S,
450 1536 540 1567 2.—
560 1539 686 1575 tamen,
705 1546 774 1567 we-

107 1582 276 1621 nigstens,
299 1581 331 1612 in
355 1581 467 1621 Bezug
489 1579 549 1612 auf
571 1582 707 1623 infelici.
731 1599 776 1604 —

104 1628 257 1667 gessisse
281 1637 311 1656 n.
331 1637 419 1657 eum.
437 1644 482 1649 —-
499 1629 681 1667 terrueris,
701 1637 728 1657 s.
747 1637 775 1657 c.

107 1671 162 1708 41,
178 1671 209 1700 6.
226 1688 270 1693 —
287 1672 318 1701 si
330 1673 440 1712 —quz'
451 1682 479 1702 e.
493 1673 622 1702 minus:
642 1676 777 1711 gesetzt

109 1726 145 1747 es
162 1715 253 1746 ware
272 1733 313 1737 ——-
333 1715 396 1746 wie
415 1715 514 1746 sollte
535 1716 583 1746 ich
603 1717 686 1746 dann
704 1726 777 1747 we-

108 1761 220 1801 niger3
240 1760 288 1791 ich
306 1760 421 1791 wiirde
440 1760 470 1790 in
485 1761 632 1800 gleicher
647 1760 776 1799 Weise,

107 1816 133 1837 s.
153 1805 287 1837 Lucret.
302 1804 422 1845 2,9S5:
440 1805 528 1847 quod
544 1807 629 1836 sz'-
642 1807 699 1847 qui
712 1807 776 1836 mi-

106 1861 173 1882 nus
191 1853 331 1892 queant,
356 1850 397 1881 ib.
418 1851 448 1890 5,
467 1850 553 1884 648:
573 1849 638 1881 Cic.
657 1852 728 1882 Att.
744 1851 774 1889 7,

110 1895 139 1936 7,
163 1895 199 1926 4:
230 1897 288 1936 qm*
308 1897 437 1937 magis,
467 1895 497 1926 in
521 1896 664 1926 anderer
688 1895 774 1926 Ver-

107 1941 253 1980 bindung
275 1940 313 1971 L.
332 1940 363 1981 3,
382 1940 434 1980 39,
453 1939 487 1970 6:
517 1951 623 1982 neque
652 1940 774 1981 videre,

107 1987 164 2027 qui
194 1987 259 2016 sibi
278 1986 392 2017 minus
416 1985 524 2016 liceat.
549 2003 593 2008 ——
611 1988 709 2017 annis
741 1997 772 2016 α.

107 2029 257 2070 XXXX,
287 2029 325 2061 Z.
357 2029 377 2071 ξ
408 2029 491 2068 476ς
522 2030 552 2060 in
584 2031 644 2061 der
669 2031 774 2062 Sache

107 2075 194 2107 kann
217 2076 269 2106 ein
287 2074 429 2107 Irrthum
446 2071 514 2106 L‘.s
533 2075 715 2114 obwalten,
734 2076 773 2107 da

107 2121 190 2151 auch
213 2120 267 2159 29,
292 2120 345 2161 28,
370 2121 388 2151 5
413 2120 506 2151 seine
529 2121 662 2161 Angabe
687 2122 775 2152 nicht

106 2175 213 2204 genau
230 2165 290 2202 ist3
310 2165 367 2196 das
385 2164 535 2205 Ungliick
553 2166 610 2196 des
627 2165 774 2206 Regulus

107 2208 184 2240 faut
206 2209 236 2239 in
256 2210 313 2240 das
330 2210 359 2240 J.
378 2209 454 2241 255.
472 2229 511 2232 -—
530 2221 590 2242 nec
607 2216 696 2243 setzt
713 2212 774 2242 den

108 2254 274 2286 Nachsatz
299 2254 329 2284 in
353 2255 493 2285 anderer
511 2254 610 2286 Form
635 2254 711 2288 fort.
731 2274 775 2279 —

97 2299 257 2341 felicius,
276 2309 316 2329 zu
334 2301 522 2338 grosserem
541 2299 679 2340 Gliieke,
697 2311 724 2332 s.
746 2301 775 2341 1,

111 2343 163 2384 13,
181 2344 212 2376 3.
236 2362 280 2366 —
298 2342 528 2387 Xanthippus,
547 2355 573 2376 S.
593 2344 774 2377 Mommsen

111 2389 140 2430 1,
164 2389 240 2420 517.
267 2408 307 2411 -—
327 2391 452 2431 possit,
482 2399 532 2419 wo
562 2399 634 2420 man
659 2393 777 2433 posset

110 2439 279 2473 erwartet,
294 2434 416 2465 konnte
431 2434 683 2475 woleintreten,
698 2435 775 2466 weil

109 2478 329 2511 derGedanke
339 2480 418 2510 auch
429 2480 572 2510 ohnedie
582 2479 775 2520 Bedingung

109 2528 192 2555 statt
215 2524 320 2555 haben
345 2524 444 2566 kann,
469 2525 549 2555 oder
571 2525 648 2555 weil
666 2525 774 2566 Scipio

108 2569 160 2600 die
173 2568 464 2610 Verwirklichung
480 2569 654 2601 desselben
674 2570 775 2601 durch

109 2614 179 2645 sich
197 2614 237 2645 im
257 2614 349 2654 Auge
366 2615 439 2653 hat3
458 2614 525 2646 Cic.
542 2614 612 2646 Fin.
631 2615 657 2653 l,
674 2615 702 2656 7,
718 2615 774 2646 25:

849 1314 882 1342 sz'
897 1311 1144 1352 concederetur,
1163 1313 1298 1343 etiamsi
1308 1330 1351 1334 ——
1364 1311 1448 1343 m'lzil
1462 1322 1518 1343 re-

846 1357 997 1396 feratur,
1016 1358 1083 1387 ista
1095 1375 1139 1378 —
1156 1359 1261 1395 esset3
1281 1356 1323 1388 ib.
1341 1358 1370 1397 5,
1388 1357 1438 1395 19,
1456 1357 1516 1394 543

848 1401 941 1432 Fam.
963 1401 1013 1440 13,
1029 1401 1059 1441 6,
1075 1401 1110 1432 3:
1129 1412 1212 1442 quae
1229 1404 1393 1443 quantum.
1405 1420 1449 1424 —
1462 1412 1520 1433 va—

847 1446 953 1488 leant,
982 1446 1097 1478 vellem
1125 1449 1290 1488 arpertus
1314 1457 1421 1488 esses,
1450 1447 1517 1486 vgl.

849 1491 900 1531 29,
922 1491 950 1531 1,
966 1492 1002 1530 73
1023 1490 1074 1532 26,
1090 1490 1142 1527 29,
1160 1491 1189 1522 7.
1207 1510 1250 1514 —
1267 1494 1313 1532 at,
1331 1492 1411 1522 aber
1429 1492 1518 1522 nicht

848 1547 973 1576 genug3
999 1538 1101 1567 etiam
1123 1537 1243 1576 geho’rt
1266 1547 1307 1567 zu
1330 1537 1517 1568 Athenien-

848 1592 913 1613 ses.
944 1599 989 1604 —
1020 1581 1182 1613 audiendi
1211 1593 1256 1613 s.:
1291 1582 1424 1612 werden
1456 1582 1519 1612 mir

848 1626 1077 1666 vorgehalten,
1096 1627 1233 1667 welche,
1253 1627 1350 1658 oder:
1369 1627 1430 1658 wie
1449 1627 1515 1663 sie;

849 1671 1044 1702 schwerlich
1064 1672 1107 1703 ist
1124 1682 1208 1702 nom.
1229 1683 1255 1703 c.
1274 1670 1331 1703 inf.
1349 1673 1518 1703 anzunch—

848 1726 932 1756 men,
950 1717 1013 1747 wie
1032 1716 1098 1747 Cic,
1117 1716 1173 1747 Or.
1196 1717 1222 1757 1,
1240 1717 1294 1756 44,
1315 1716 1394 1748 196:
1422 1719 1517 1748 tanta

848 1763 1013 1804 sapientia
1036 1762 1156 1802 fuisse
1185 1761 1340 1803 putanda
1372 1764 1439 1799 θείς
1478 1762 1539 1798 de,

848 1805 917 1837 Inv.
940 1806 968 1846 1,
987 1806 1017 1844 5,
1038 1806 1067 1837 7.
1091 1824 1135 1829 .-
1158 1816 1218 1837 (Ἢν
1241 1817 1339 1848 ergo,
1363 1806 1519 1837 widerle-

851 1851 957 1890 gentle
997 1850 1118 1890 Frage.
1151 1870 1193 1873 —
1226 1851 1407 1893 Agatleoel.
1443 1855 1517 1893 etc„

847 1896 930 1926 doch
956 1896 1001 1926 ist
1024 1906 1064 1926 zu
1088 1895 1304 1936 bezweifeln,
1335 1896 1373 1927 ob
1397 1897 1517 1936 Agath.

848 1941 959 1972 seinen
971 1940 1092 1971 Zweck
1107 1941 1252 1972 erreicht
1265 1942 1331 1980 hat,
1346 1941 1412 1981 vgl.
1423 1941 1517 1972 Diod.

847 1986 912 2017 Sic.
933 1985 985 2024 20,
1005 1985 1023 2016 3
1044 1990 1131 2017 extr.
1150 1986 1208 2017 mit
1226 1986 1279 2026 20,
1299 1987 1359 2025 59;
1378 1986 1439 2025 683
1463 1985 1515 2017 Iu-

848 2032 925 2062 stin.
950 2030 1002 2071 22,
1022 2030 1052 2071 8,
1074 2031 1108 2069 13
1136 2031 1187 2062 15.
1212 2050 1255 2053 —
1279 2042 1515 2063 cnm—urar.

848 2081 911 2107 etc.
940 2076 985 2107 ist
1008 2076 1059 2107 die
1083 2076 1307 2117 Hauptsache:
1336 2087 1371 2107 es
1395 2076 1512 2108 fanden

847 2121 1016 2152 dieselben
1058 2121 1291 2152 Verhi‘iltnisse
1329 2126 1413 2152 statt
1452 2122 1514 2152 wie

843 2166 943 2207 jetzt,
961 2175 1012 2196 wo
1031 2165 1191 2196 Hannibal
1210 2167 1239 2196 in
1258 2165 1374 2197 Italien
1392 2167 1448 2198 ist.

893 2206 962 2242 44.
989 2211 1098 2241 1-5.
1128 2210 1189 2241 Die
1208 2210 1315 2242 Natur
1333 2212 1392 2242 der
1410 2211 1514 2242 sache.

848 2256 1033 2297 iiberhaupt
1055 2256 1118 2286 und
1143 2255 1193 2286 die
1212 2255 1301 2295 Lage
1319 2256 1378 2287 der
1394 2256 1516 2287 Punier

847 2302 958 2332 lassen
985 2301 1046 2331 den
1070 2300 1203 2340 Angriff
1222 2301 1252 2331 iu
1276 2301 1377 2332 ihrem
1402 2300 1513 2332 Lande

847 2347 896 2377 als
914 2343 1130 2377 vortheilhaft
1152 2346 1358 2377 erscheinen.
1377 2363 1421 2368 -—
1437 2345 1517 2387 quid

847 2409 891 2413 —
905 2391 1000 2433 quale
1018 2391 1210 2428 chiastisch3
1241 2390 1336 2431 quale
1358 2392 1419 2431 sit,
1444 2401 1513 2422 was

849 2446 884 2467 es
903 2447 944 2467 zu
958 2436 1132 2474 bedeuten,
1150 2434 1288 2466 aufsich
1303 2436 1396 2466 habe.
1422 2435 1512 2467 Nach

850 2492 932 2523 opus
951 2483 1003 2511 cst
1018 2481 1101 2511 wird
1119 2481 1149 2511 in
1164 2480 1328 2520 jiingeren
1349 2481 1424 2512 Hss.
1443 2481 1513 2512 hin-

848 2524 1021 2565 zugefiigt:
1039 2527 1149 2556 maius
1165 2526 1447 2568 praesentiusque
1462 2526 1512 2557 ul-

848 2570 916 2601 lum
946 2570 1138 2613 eoeemplmn
1167 2581 1240 2602 esse
1268 2581 1368 2612 qnam
1391 2571 1514 2602 Hanni—

849 2615 904 2647 bal
917 2618 1041 2658 potest,
1064 2616 1116 2646 die
1140 2615 1200 2647 den
1220 2615 1426 2656 Gegensatz,
1451 2615 1512 2646 den

1547 642 1587 674 19

1542 812 1584 844 20

1545 926 1584 957 21

1547 1146 1600 1185 44
