1784 2967
238 254 319 294 208
699 252 825 284 Llsslffl
850 252 1006 286 xxviii.
1055 253 1146 286 CAP.
1172 253 1226 285 36.

1468 270 1494 288 a.
1516 263 1568 289 ch.
1584 265 1644 290 206.

237 356 330 395 ditio
368 356 536 407 primum
572 354 766 400 militaris,
803 354 939 394 deinde
975 356 1135 395 defectio
1173 355 1344 394 Indibilis
1377 355 1528 396 animos
1565 357 1646 396 eius

238 413 482 455 sustulerant,
505 411 656 463 paranti
677 413 837 450 traicere
856 412 895 451 in
920 413 1087 452 Africam
1112 413 1327 451 nuntiatum
1351 412 1397 451 ab
1421 412 1648 463 Carthagine

237 474 295 507 est
320 468 451 507 iubere
479 473 675 515 senatum,
702 473 745 507 ut
773 468 952 515 classem,
980 483 1093 521 quam
1117 469 1285 508 Gadibus
1308 468 1484 516 haberet,
1511 469 1549 508 in
1571 470 1645 509 lta-

237 525 324 564 liam
345 524 530 570 traiceret,
554 525 743 564 conducta
766 525 816 563 ibi
839 525 1033 565 Gallorum
1056 539 1099 565 ac
1116 526 1298 577 Ligurum
1321 529 1464 576 quanta
1480 525 1644 565 maxima

236 586 373 632 posset
398 581 592 620 iuventute
620 582 871 632 coniungeret
890 595 927 621 se
949 583 1164 629 Hannibali,
1186 595 1261 620 neu
1284 593 1484 620 senescere
1506 582 1645 621 bellum

236 638 403 676 maximo
432 638 598 689 impetu,
630 639 776 677 maiore
804 639 960 679 fortuna
992 645 1173 690 coeptum
1197 639 1350 677 sineret.
1390 638 1436 677 ad
1458 651 1541 677 eam
1563 651 1645 677 rem

235 700 273 733 et
293 707 313 734 a
335 693 561 745 Carthagine
587 695 747 746 pecunia
767 695 920 745 Magoni
941 696 1095 735 advecta
1116 701 1184 741 est,
1207 701 1243 734 et
1264 696 1347 746 ipse
1368 700 1549 746 quantam
1573 708 1644 746 po-

233 751 306 790 tuit
322 764 342 790 a
360 751 557 789 Gaditanis
576 751 702 800 exigit,
725 762 805 789 non
822 752 968 790 aerario
987 753 1104 791 modo
1123 765 1257 791 eorum
1276 752 1341 790 sed
1360 752 1475 790 etiam
1491 752 1646 802 templis

235 808 408 858 spoliatis
431 812 468 846 et
490 807 664 858 privatim
688 807 870 846 omnibus
893 809 1035 847 coactis
1058 821 1192 847 aurum
1215 813 1493 859 argentumque
1514 808 1550 847 in
1573 820 1645 859 pu—

237 864 378 903 blicum
413 864 600 902 conferre.
648 877 735 902 cum
769 866 1123 914 praeterveheretur
1151 865 1356 916 Hispaniae
1389 877 1515 909 oram,
1545 865 1645 904 haud

236 920 370 972 procul
393 920 621 971 Carthagine
651 933 750 959 nova
779 922 965 971 expositis
996 922 1034 960 in
1061 927 1202 960 terram
1231 921 1415 960 militibus
1443 921 1644 972 proximos

234 977 491 1028 depopulatur
507 989 635 1027 agros,
654 977 742 1015 inde
759 978 803 1015 ad
824 978 960 1016 urbem
980 978 1144 1017 classem
1163 978 1318 1028 adpulit.
1351 978 1401 1016 ibi
1419 990 1506 1016 cum
1524 978 1644 1016 inter-

235 1034 301 1073 diu
322 1034 461 1076 milites
491 1034 529 1072 in
552 1034 713 1072 navibus
736 1034 937 1082 tenuisset,
960 1040 1073 1073 nocte
1095 1035 1133 1073 in
1155 1035 1244 1073 litus
1267 1034 1465 1085 expositos
1489 1034 1535 1072 ad
1557 1046 1647 1084 par—

233 1096 313 1129 tem
335 1103 419 1129 eam
442 1091 554 1137 inuri,
577 1103 650 1141 qua
673 1096 780 1141 capta
802 1090 989 1142 Carthago
1012 1092 1058 1130 ab
1078 1091 1261 1130 Romanis
1277 1091 1413 1136 fuerat,
1437 1090 1552 1137 ducit,
1576 1103 1647 1130 nec

234 1147 427 1198 praesidio
450 1147 541 1186 satis
560 1147 684 1185 valido
704 1147 838 1185 urbem
856 1149 975 1187 teneri
993 1154 1112 1195 ratus,
1136 1153 1173 1186 et
1190 1148 1339 1198 aliquos
1359 1146 1645 1198 oppidanorum

193 1214 203 1222 ‘
234 1204 279 1242 ad
308 1216 418 1253 spem
446 1204 615 1243 novandi
642 1216 704 1242 res
734 1203 873 1255 aliquid
904 1210 1094 1244 moturos.
1137 1210 1307 1243 ceterum
1333 1204 1457 1243 nuntii
1479 1216 1524 1242 ex
1545 1203 1645 1253 agris

233 1260 372 1311 trepidi
403 1260 517 1298 simul
549 1260 841 1310 populationem
865 1261 1150 1312 agrestiumque
1170 1261 1300 1311 fugam
1324 1266 1361 1299 et
1380 1260 1553 1299 hostium
1576 1261 1643 1299 ad-

232 1322 388 1355 ventum
417 1316 648 1362 adtulerant,
675 1322 712 1355 et
740 1317 817 1355 visa
847 1318 1012 1356 interdiu
1041 1318 1174 1356 classis
1197 1322 1295 1363 erat,
1324 1329 1396 1355 nec
1426 1317 1509 1355 sine
1531 1329 1645 1355 causa

233 1374 389 1412 electam
412 1378 499 1412 ante
521 1373 655 1412 urbem
678 1373 884 1412 stationem
907 1374 1125 1425 apparebat.
1167 1374 1295 1424 itaque
1317 1373 1494 1412 instructi
1516 1385 1643 1411 arma-

231 1429 336 1480 tique
363 1430 463 1468 intra
492 1435 644 1481 portam
673 1430 718 1468 ad
749 1435 926 1480 stagnum
956 1443 1000 1470 ac
1026 1443 1131 1470 mare
1161 1443 1311 1469 versam
1335 1429 1643 1469 continebantur.

234 1486 297 1524 ubi
333 1487 444 1525 effusi
474 1487 628 1533 hostes,
666 1486 783 1525 mixta
813 1487 913 1525 inter
942 1487 1079 1526 milites
1109 1487 1250 1525 navalis
1278 1486 1407 1532 turba,
1436 1486 1481 1524 ad
1510 1498 1645 1524 muros

232 1543 403 1581 tumultu
431 1543 575 1581 maiore
604 1555 719 1593 quam
749 1543 781 1581 vi
805 1543 1018 1590 subierunt,
1042 1544 1225 1594 patefacta
1248 1548 1406 1594 repente
1428 1548 1538 1593 porta
1561 1543 1645 1581 Ro-

234 1599 337 1638 mani
366 1611 453 1638 cum
483 1599 649 1638 clamore
671 1605 897 1650 erumpunt,
918 1600 1171 1651 vturbatosque
1193 1600 1325 1638 hostes
1348 1604 1385 1638 et
1405 1599 1451 1638 ad
1473 1599 1644 1649 primum

233 1733 288 1774 43,
307 1734 342 1772 73
373 1734 494 1765 anders
509 1745 535 1765 c.
556 1733 610 1774 35,
632 1734 682 1764 10.
701 1753 743 1756 —
761 1735 902 1775 animos,
977 1736 1079 1767 cules.

234 1779 287 1819 24,
307 1779 361 1819 40,
392 1779 443 1810 10.
470 1799 511 1802 -—
535 1782 573 1811 ut
597 1780 768 1811 traiceret.
796 1790 822 1811 s.
849 1779 902 1819 37,

234 1824 287 1865 51,
307 1825 342 1863 53
365 1824 392 1863 1,
415 1824 465 1863 17,
489 1824 546 1863 113
578 1824 727 1864 hiiufiger
744 1823 827 1865 folgt
844 1825 904 1856 der

232 1869 344 1901 blosse
362 1869 579 1910 Conjunctiv,
610 1870 794 1901 besonders
809 1880 903 1901 wenn

232 1916 263 1946 in
287 1915 393 1946 einem
416 1916 540 1946 andern
559 1915 658 1946 Satze
683 1916 742 1947 der
759 1915 903 1946 lnfinitiv

1022 1799 1132 1832 5—8.
1149 1802 1282 1843 partem
1296 1818 1337 1822 -—-
1352 1810 1428 1842 qua,
1442 1799 1508 1839 vgl.
1524 1797 1576 1839 26,
1590 1798 1644 1838 45,

978 1846 1008 1877 9.
1030 1864 1076 1869 --
1097 1845 1226 1888 aliquid
1245 1847 1344 1884 moi„
1379 1844 1431 1884 27,
1460 1844 1509 1885 17,
1535 1844 1572 1883 43
1608 1854 1645 1875 er

976 1891 1074 1931 hofft,
1113 1891 1161 1921 sie
1196 1891 1330 1922 wiirden
1365 1890 1424 1921 der
1458 1889 1644 1921 romischen

230 1961 526 2000 vorhergegangen
557 1960 616 1999 ist,
650 1971 676 1992 s.
708 1960 760 2001 30,
794 1961 841 2002 19,
866 1960 903 1999 23

231 2005 285 2045 24,
314 2005 363 2043 10,
388 2005 424 2043 33
461 2005 513 2043 32,
538 2004 585 2043 16,
605 2005 624 2036 9
644 2016 673 2036 u.
692 2016 720 2037 a.
759 2006 824 2037 Der
842 2006 903 2037 Se-

231 2055 287 2081 nat
305 2050 336 2081 in
351 2049 514 2090 Carthago
530 2049 675 2091 verfolgt
690 2052 769 2082 noch
790 2051 904 2082 immer

232 2096 293 2126 den
313 2093 468 2126 friiheren
487 2093 703 2136 Kriegsplan,
730 2106 756 2127 s.
776 2095 829 2136 27,
849 2095 902 2135 20,

232 2140 268 2178 6,
295 2140 337 2171 ib.
354 2139 406 2180 38,
426 2141 456 2171 b'.
480 2158 520 2163 —-
541 2151 577 2171 se
601 2139 683 2171 fehlt
705 2141 735 2171 in
763 2141 822 2171 der
837 2140 901 2182 Hs.,

231 2185 322 2216 vicll.
343 2186 387 2216 ist
400 2186 605 2227 coniungere
620 2185 753 2217 absolut
768 2196 808 2216 zu
823 2186 902 2216 neh-

231 2240 315 2268 men,
334 2241 360 2262 s.
375 2241 415 2262 zu
431 2230 542 2273 25,35,
557 2231 590 2269 13
611 2230 706 2262 Caes.
718 2230 795 2262 B.C.
807 2230 901 2270 3‚34,

235 2275 270 2314 13
304 2275 532 2316 Naegelsbach
552 2276 585 2307 S.
605 2275 685 2316 318,
705 2276 900 2307 schwerlich

232 2331 305 2352 eam
324 2332 364 2351 zu
382 2322 560 2361 erg'a'nzen.
579 2332 715 2363 semeso„
740 2320 901 2352 erscblaf-

232 2364 285 2397 fen
307 2365 536 2406 (einschlafen)
557 2366 678 2398 lassen.
703 2369 900 2409 —31'mpet14

231 2411 302 2442 also
328 2412 386 2442 mit
410 2411 638 2452 Zustimmung
666 2412 723 2443 des
748 2412 899 2443 Senates.

232 2474 275 2478 -—
291 2458 439 2497 maiore,
474 2457 540 2497 vgl.
560 2456 627 2488 Cic.
646 2457 715 2489 Att.
738 2456 788 2495 16,
809 2456 848 2487 16
868 2456 901 2488 C.

236 2501 291 2531 12:
315 2502 431 2544 effice,
450 2505 489 2533 ut
504 2502 665 2543 Plancus,
688 2513 785 2544 quem
802 2512 902 2545 spero

233 2548 396 2588 optimum
405 2549 542 2586 esse‚sit
555 2550 655 2578 etiam
669 2547 787 2579 melior
801 2557 902 2590 opera

233 2592 308 2629 tua3
326 2591 407 2623 Plin.
428 2591 547 2632 Paneg.
568 2592 620 2624 89.
640 2611 682 2615 ——
702 2592 845 2636 templis,
864 2603 900 2624 es

232 2644 302 2665 war
331 2637 406 2668 dort
434 2637 485 2667 ein
517 2638 594 2668 sehr
616 2638 807 2669 beriihmter
835 2638 899 2669 und

232 2679 362 2711 reicher
386 2680 521 2723 Tempel
549 2683 605 2713 des
630 2683 798 2725 tyrischen
817 2682 901 2714 Her-

977 1934 1170 1968 Herrschaft
1192 1936 1318 1967 bereits
1340 1935 1558 1975 iiberdriissig
1575 1935 1644 1966 sich

977 1982 1132 2013 erheben.
1167 1981 1248 2013 Eine
1268 1980 1391 2019 Flotte,
1411 1981 1462 2011 die
1481 1980 1533 2011 ihu
1552 1980 1643 2011 hatte

976 2027 1129 2058 abhalten
1154 2027 1235 2057 oder
1258 2026 1349 2057 seine
1374 2025 1645 2065 Unternehmung

974 2082 1079 2112 gegen
1098 2068 1214 2103 ltalie'n
1233 2072 1368 2102 hindern
1393 2071 1542 2110 konnen,
1574 2079 1645 2100 war

975 2117 1065 2148 nicht
1082 2117 1137 2156 da,
1163 2116 1239 2147 weil
1258 2116 1366 2157 Scipio
1384 2116 1445 2146 den
1463 2116 1642 2155 grossereu

975 2161 1070 2193 Tbeil
1088 2162 1199 2192 seiner
1215 2161 1336 2192 Schiffe
1355 2161 1434 2192 nach
1452 2159 1568 2191 Italien
1587 2170 1644 2199 ge-

974 2206 1101 2238 schirkt
1119 2207 1188 2246 hat,
1208 2217 1235 2238 S.
1254 2217 1280 2237 c.
1302 2205 1354 2243 38,
1376 2206 1409 2243 1,
1429 2205 1482 2245 27,
1501 2204 1561 2244 22;
1593 2205 1643 2236 die

975 2252 1113 2291 iibrigen
1130 2252 1219 2283 viell.
1236 2252 1325 2282 nicht
1339 2251 1380 2282 iin
1394 2248 1642 2291 kriegsfahigen

975 2296 1099 2328 Stande
1118 2297 1200 2335 sind,
1221 2296 1274 2336 27,
1298 2297 1346 2336 17,
1366 2295 1396 2327 6.
1420 2314 1464 2319 —
1481 2295 1585 2327 simul
1599 2313 1643 2318 —

974 2353 1036 2384 qne
1049 2360 1093 2365 —
1111 2345 1143 2374 et
1156 2342 1336 2373 verbiuden
1352 2342 1423 2373 drei
1438 2351 1642 2373 zusammen-

974 2388 1130 2428 gehb'rige
1146 2387 1322 2426 Momente,
1341 2389 1374 2418 et
1389 2387 1453 2418 und
1466 2396 1526 2418 nec
1543 2384 1642 2426 stigen

975 2443 1057 2464 neue
1091 2434 1200 2464 hinzu.
1233 2451 1277 2455 -
1307 2435 1398 2473 stag.
1432 2442 1463 2463 α.
1496 2442 1551 2473 m.,
1583 2431 1642 2462 der

975 2476 1093 2520 Sumpf
1108 2479 1204 2518 hieng
1220 2481 1278 2509 mit
1295 2477 1368 2508 dem
1381 2476 1495 2508 Meere
1510 2485 1640 2508 zusam—

974 2533 1057 2563 men,
1079 2534 1105 2555 s.
1124 2523 1177 2564 26,
1197 2523 1250 2564 45,
1269 2522 1299 2555 8.

1019 2590 1151 2622 8—13.
1167 2593 1279 2622 mix-ta
1294 2609 1338 2614 —
1356 2591 1466 2622 turba.
1506 2589 1638 2631 Epexe-

972 2646 1051 2676 gese
1070 2647 1112 2667 zu
1134 2636 1265 2674 kostes3
1300 2636 1410 2667 indess
1435 2634 1566 2675 wiirde,
1600 2634 1640 2666 da

971 2681 1022 2712 die
1047 2681 1217 2713 Matrosen
1245 2682 1307 2712 den
1334 2680 1639 2721 untergeordneten

1677 869 1718 901 10

1677 1144 1767 1182 15'

1673 1432 1716 1465 20
