1784 2967
610 244 736 278 LIBER
760 243 902 276 XXVII.
950 244 1039 277 CAP.
1069 245 1123 276 40.
1517 243 1569 282 99

166 262 192 279 a.
206 255 258 280 Ch.
276 254 338 279 207.

164 346 307 397 pariter
332 346 430 385 bella
457 347 720 386 distenderant
747 357 857 384 curas
879 346 1102 393 hominum,
1131 345 1246 385 simul
1265 345 1568 391 recordantium,

164 415 258 454 quas
283 402 432 454 primus
464 403 648 442 adventus
670 401 892 440 Hannibalis
921 402 1116 441 intulisset
1141 402 1268 441 Italiae
1290 402 1425 449 eladis,
1453 401 1569 440 simul

165 471 253 497 cum
289 459 347 498 illa
377 464 533 510 angeret
561 472 667 505 cura,
704 470 803 509 quos
830 462 909 496 tam
937 458 1129 509 propitios
1157 459 1243 497 urbi
1271 464 1382 509 atque
1404 458 1568 509 imperio

162 515 246 554 fore
269 516 375 562 deos,
398 521 439 554 ut
460 516 592 554 eodem
615 520 792 565 tempore
812 514 1018 565 utrubique
1038 527 1100 552 res
1122 514 1273 565 publica
1295 526 1483 565 prospere
1505 526 1572 564 ge-

115 582 134 612 5
164 576 325 610 reretur.
373 572 497 610 adhuc
532 571 689 610 adversa
723 570 903 609 secundis
932 570 1134 620 pensando
1162 583 1243 609 rem
1274 571 1318 609 ad
1350 571 1387 610 id
1414 576 1569 621 tempus

162 633 367 666 extractam
391 640 492 666 esse:
522 640 608 667 cum
636 627 675 665 in
695 626 798 665 Italia
820 627 866 665 ad
889 627 1204 665 Trasumennum
1227 631 1264 664 et
1285 627 1434 665 Cannas
1456 639 1568 677 prae-

162 684 358 735 cipitasset
378 684 552 722 Romana
572 696 646 731 res,
667 695 854 734 prospera
872 683 970 721 bella
986 683 1025 721 in
1043 682 1227 734 Hispania
1244 683 1466 733 prolapsam
1487 695 1570 721 eam

162 740 346 787 erexisse3
368 746 515 790 postea,
541 752 627 779 cum
650 740 688 778 in
705 739 886 791 Hispania
908 740 976 778 alia
998 752 1115 790 super
1136 739 1246 777 aliam
1270 739 1393 777 clades
1416 738 1568 777 duobus

163 796 324 847 egregiis
353 796 516 835 ducibus
547 796 701 835 amissis
725 797 823 835 duos
846 796 1032 834 exercitus
1055 808 1099 833 ex
1121 800 1228 846 parte
1249 794 1415 833 delesset
1435 794 1568 839 multa,

93 862 132 894 10
163 853 329 891 secunda
357 853 396 891 in
416 853 520 891 Italia
540 853 742 903 Siciliaque
770 857 875 903 gesta
897 857 1116 903 quassatam
1138 864 1221 889 rem
1243 851 1435 902 publicam
1458 863 1569 889 exce-

160 909 284 959 pisse,
313 913 350 947 et
377 909 505 960 ipsum
535 910 771 948 intervallum
800 909 891 953 loci,
921 909 1023 959 quod
1053 908 1090 946 in
1112 908 1256 946 ultimis
1278 913 1466 946 terrarum
1490 906 1569 944 oris

161 965 321 1004 alterum
362 965 503 1004 bellum
547 971 758 1016 gereretur,
801 965 968 1015 spatium
1014 965 1166 1003 dedisse
1193 964 1238 1002 ad
1274 963 1570 1014 respirandum:

160 1033 264 1059 nunc
281 1021 356 1059 duo
380 1021 474 1060 helia
495 1023 535 1060 in
556 1022 700 1060 Italiam
725 1027 890 1072 accepta,
914 1021 989 1060 duo
1009 1019 1245 1059 celeberrimi
1262 1019 1432 1057 nominis
1451 1019 1567 1056 duces

162 1077 411 1116 circumstare
433 1078 566 1116 urbem
590 1078 822 1123 Romanam,
851 1082 888 1116 et
909 1089 1031 1116 unum
1053 1076 1092 1114 in
1113 1077 1243 1115 locum
1266 1080 1387 1114 totam
1410 1074 1569 1125 periculi

91 1143 131 1174 15
160 1133 321 1179 molem,
351 1146 467 1172 omne
495 1146 594 1172 onus
624 1134 865 1179 incubuisse3
898 1134 962 1183 qui
995 1145 1129 1171 eorum
1153 1132 1261 1182 prior
1282 1131 1448 1177 vicisset,
1469 1130 1568 1169 intra

154 1202 302 1241 paucos
330 1190 406 1228 dies
435 1198 562 1229 castra
591 1203 676 1229 cun]
700 1190 818 1229 altero
841 1191 1075 1228 iuncturum.
1118 1188 1285 1226 terrebat
1306 1193 1342 1226 et
1362 1187 1565 1238 proximus

160 1258 284 1284 annus
305 1246 479 1297 lugubris
502 1247 668 1285 (luorum
691 1247 890 1285 consulem
912 1245 1124 1284 funeribus.
1166 1244 1225 1283 his
1249 1244 1347 1282 anxii
1370 1243 1470 1282 euris
1493 1244 1567 1281 ho-

159 1302 283 1340 mines
312 1302 561 1351 digredientis
590 1302 629 1340 in
657 1302 876 1352 provincias
907 1302 1086 1340 consules
1116 1300 1311 1351 prosecuti
1338 1304 1441 1338 sunt.
1484 1312 1566 1337 me-

161 1357 306 1396 moriae
334 1358 533 1408 proditum
562 1363 619 1396 est
647 1358 803 1408 plenum
837 1358 962 1396 adhuc
990 1358 1069 1396 irae
1099 1357 1138 1394 in
1168 1356 1259 1395 civis
1281 1357 1327 1394 M.
1351 1356 1500 1394 Livium
1523 1355 1570 1393 ad

87 1418 131 1450 20
160 1414 303 1452 bellum
331 1415 643 1465 proficiscentem
671 1414 846 1452 monenti
869 1415 913 1461 Q.
936 1414 1068 1459 Fabio,
1099 1425 1163 1459 ne,
1193 1414 1419 1463 priusquam
1448 1423 1569 1462 genus

158 1470 332 1509 hostium
355 1476 582 1520 cognosset,
611 1475 755 1509 temere
776 1482 935 1509 manum
958 1473 1196 1515 consereret,
1219 1468 1484 1519 respondisse,
1506 1467 1571 1506 ubi

159 1581 177 1611 3
188 1581 302 1658 211ss2.
320 1627 542 1670 profeeti,bei
557 1628 658 1658 ihrem
669 1627 828 1667 Abgange

157 1671 241 1702 wird
258 1670 278 1713 ξ
297 1672 331 1702 7:
357 1672 594 1714 (leg-redientes,
614 1673 740 1703 wieder
756 1672 828 1703 auf-

948 1581 1047 1612 3-6,
1071 1580 1233 1624 prolapsa,
1253 1579 1415 1611 wankend
1440 1589 1571 1619 gewor-

902 1627 981 1665 den,
999 1626 1057 1667 22,
1076 1626 1112 1664 2,
1132 1624 1572 1665 6.vgl.26,41‚12:l1aeo

902 1672 1015 1703 omnia
1042 1672 1139 1702 limm'
1164 1673 1276 1702 strata
1304 1672 1416 1702 erescit
1439 1674 1503 1700 etc.
1527 1687 1570 1691 —

159 1726 363 1755 genommen.
393 1736 436 1739 —
462 1719 597 1759 pariter
620 1717 745 1748 kb'nnte
771 1718 829 1748 der

160 1759 409 1800 Wortstellung
422 1762 501 1792 nach
517 1773 558 1792 zu
566 1762 631 1793 [luo
642 1761 732 1802 bella,
743 1762 827 1792 zwei

159 1805 369 1845 gleichzeitig
386 1805 407 1847 ξ
425 1806 464 1836 2:
485 1806 597 1837 eodem
617 1809 777 1848 tempore,
795 1806 825 1845 6,

160 1850 190 1888 8,
208 1850 238 1887 2,
258 1851 339 1882 oder
352 1851 586 1890 gleichmiissig
600 1862 641 1882 zu
655 1849 826 1891 siihrende,

159 1895 322 1935 gehen-en,
349 1896 431 1927 wird
457 1895 537 1926 aher
561 1896 626 1926 wel
650 1895 767 1926 besser
785 1906 826 1926 zu

158 1939 393 1972 distenderant
419 1951 578 1981 gezogen.
603 1959 647 1963 —
669 1950 745 1972 cnm
771 1940 827 1972 illa

159 1989 239 2026 εἴα,
264 1986 323 2016 der
343 1985 500 2017 &Vechsel
524 1986 582 2016 der
600 1985 699 2016 Form
723 1986 767 2016 ist
784 1996 825 2016 zu

156 2029 335 2069 beaclite03
363 2031 420 2061 das
439 2032 559 2061 zweite
578 2030 724 2061 Moment
741 2030 825 2061 wird

155 2074 206 2106 als
239 2075 297 2106 das
330 2076 522 2115 wichtigere
552 2075 755 2106 bezeichnet.
784 2092 827 2097 —

157 2129 254 2162 cura,
283 2130 366 2161 quos
390 2125 471 2160 etc„
497 2130 522 2151 s.
548 2120 606 2162 24,
631 2120 687 2161 22,
715 2120 766 2150 14.
783 2137 827 2142 ——

157 2175 239 2206 quos
256 2183 301 2187 —
314 2165 411 2206 fore,
431 2165 626 2206 Epexegese
645 2176 685 2196 zu
703 2164 768 2195 illa.
795 2165 825 2195 in

158 2213 242 2240 orat.
263 2214 371 2240 recta:
390 2211 448 2251 qni
464 2228 505 2232 —
525 2211 618 2248 (ohne
634 2210 741 2249 Frage
759 2220 825 2240 non

159 2253 311 2292 odamllz')
327 2257 442 2293 erunt,
457 2255 522 2294 vgl.
533 2254 583 2293 30,
599 2253 650 2295 21,
666 2254 695 2285 6.
710 2271 755 2276 —
767 2254 827 2285 acl-

158 2299 222 2330 hnc
246 2317 289 2321 -—
313 2298 358 2330 acl
379 2299 414 2330 id
432 2302 466 2338 t.‚
493 2300 550 2330 das
569 2298 826 2338 Tautologisehe

158 2343 241 2374 wird
260 2344 360 2374 durch
379 2343 429 2374 die
453 2344 691 2374 verschiedene
711 2344 826 2375 Bezie-

158 2389 245 2428 hung
273 2388 386 2419 heidei·
410 2388 604 2419 Ausdriicke
634 2393 738 2419 etwas
768 2399 828 2428 ge—

156 2433 299 2464 mildert.
333 2452 372 2455 —
406 2433 596 2476 pensando,
635 2433 742 2464 iridem
776 2434 826 2464 die

159 2477 281 2509 Gb'tter
298 2478 379 2509 oder
396 2488 478 2508 man
498 2476 712 2518 ausgewogen
724 2502 732 2517 ,
750 2488 826 2508 aus-

156 2523 327 2562 geglichen
352 2523 451 2560 habe,
478 2522 535 2561 26,
560 2522 619 2561 37,
646 2523 681 2553 3;
713 2525 827 2554 trans-

156 2570 310 2599 marinae
343 2578 470 2609 quoque
500 2578 556 2599 res
584 2567 727 2608 quadam
758 2569 827 2599 vice

155 2615 328 2654 pensalae.
363 2613 472 2645 Ueber
488 2613 549 2643 den
568 2613 826 2652 ahl.ge1·und.s.

162 2657 189 2696 1,
208 2656 239 2698 8,
256 2657 295 2697 43
315 2668 341 2689 c.
362 2657 415 2699 39,
432 2657 462 2688 4.

897 1719 1020 1759 postea
1037 1726 1130 1754 cmn,
1156 1716 1286 1757 sp'ziter,
1309 1715 1377 1754 als,
1396 1724 1421 1745 s.
1442 1714 1496 1754 29,
1514 1713 1568 1755 22,

901 1761 938 1799 83
959 1763 988 1801 5,
1008 1761 1061 1799 54,
1080 1760 1110 1791 3.
1128 1778 1173 1782 —
1185 1760 1292 1791 multa
1306 1760 1387 1790 wird
1404 1759 1482 1789 nach
1498 1759 1570 1789 dein

899 1805 991 1836 Tone
1016 1806 1075 1836 der·
1097 1805 1186 1836 Rede
1209 1815 1272 1835 von
1294 1804 1429 1835 Gronov
1454 1803 1572 1834 besser

899 1851 957 1881 mit
972 1852 1071 1892 parte
1094 1849 1285 1880 verbunden
1304 1849 1353 1880 als
1374 1858 1438 1879 von
1458 1848 1570 1879 Ande-

898 1905 957 1926 ren
983 1895 1041 1925 mit
1063 1894 1212 1925 secunda
1234 1912 1278 1916 —
1293 1896 1409 1935 gesta,
1435 1903 1461 1924 s.
1480 1892 1569 1924 Nae-

899 1940 1054 1979 gelsbach
1079 1939 1152 1970 Stil.
1178 1939 1211 1970 S.
1238 1938 1291 1970 76.
1317 1957 1361 1961 —
1384 1939 1569 1980 excepisse,

899 1985 981 2016 habe
1006 1985 1063 2015 das
1090 1984 1183 2015 lecke
1202 1983 1416 2015 Staatsschiff
1435 1984 1498 2013 wie
1517 1983 1569 2013 ein

899 2030 1047 2060 sicher-er
1061 2027 1164 2060 Hafen
1182 2027 1443 2068 aufgenommen.
1457 2045 1501 2049 —
1514 2037 1570 2058 ae-

899 2077 1009 2117 eepta,
1037 2084 1108 2105 man
1136 2074 1215 2104 habe
1240 2074 1287 2104 sie
1305 2073 1400 2103 (labin
1418 2073 1569 2103 kommen

900 2120 1022 2150 lassen.
1043 2136 1086 2140 —
1104 2118 1258 2150 celeberr.
1277 2128 1378 2155 nom„
1396 2127 1422 2148 s.
1444 2116 1496 2156 26,
1515 2117 1570 2158 27,

903 2164 953 2195 16.
969 2183 1013 2186 -
1028 2164 1148 2195 molem
1160 2187 1167 2201 ‚
1193 2164 1243 2194 die
1264 2162 1402 2200 Wucht,
1423 2161 1567 2199 Gro'sse3

901 2208 931 2249 6,
951 2209 1003 2247 19,
1026 2208 1052 2239 1.
1070 2227 1115 2230 —
1132 2210 1195 2249 (μή,
1219 2208 1245 2247 1,
1263 2209 1291 2247 6,
1310 2207 1349 2245 4;
1369 2207 1462 2237 Caes.
1484 2206 1518 2237 ss.
1533 2206 1568 2237 C.

904 2254 929 2294 1,
949 2253 1001 2291 66,
1021 2253 1050 2284 4.
1069 2271 1112 2274 —
1130 2263 1239 2283 annus
1259 2256 1340 2282 stult
1359 2252 1415 2281 des
1435 2252 1464 2281 in
1481 2252 1568 2282 deln-

900 2298 1013 2329 selben
1035 2297 1285 2338 Geschehenen,
1303 2296 1368 2336 vgl.
1390 2307 1416 2326 c.
1436 2296 1488 2337 44,
1509 2296 1538 2327 5.

945 2387 1043 2418 8—9.
1069 2386 1201 2428 plenum
1220 2387 1304 2424 irae,
1324 2386 1386 2416 wie
1406 2384 1435 2420 3,
1455 2384 1508 2423 48,
1528 2385 1565 2423 33

901 2432 935 2471 83
953 2432 983 2471 6,
994 2432 1072 2469 35‚5
1083 2443 1089 2461 z
1102 2432 1220 2474 plenus
1235 2433 1306 2462 irae
1314 2432 1565 2471 rufzzaruurque3

901 2478 930 2514 S,
951 2478 1003 2515 30,
1025 2477 1081 2512 12;
1101 2479 1131 2515 l),
1151 2476 1203 2513 22,
1223 2478 1258 2506 9:
1284 2476 1452 2506 moeroris
1469 2477 1569 2515 atque

900 2524 989 2559 irae3
1019 2532 1047 2552 a.
1066 2531 1094 2551 a.
1115 2521 1161 2551 St.
1179 2522 1325 2556 frarem,
1345 2520 1374 2559 2,
1395 2519 1447 2558 38,
1468 2518 1505 2557 6,
1525 2519 1569 2550 ib.

901 2567 960 2605 61,
990 2566 1019 2597 3.
1050 2584 1093 2588 —
1119 2576 1246 2607 genas,
1272 2565 1345 2597 vai.
1372 2564 1459 2595 Max.
1485 2564 1505 2594 l.
1526 2564 1566 2594 l.:

899 2614 977 2643 anie
1006 2629 1049 2633 -
1078 2621 1175 2651 quam
1206 2611 1352 2641 hostium
1383 2611 1471 2641 vires
1494 2610 1567 2640 ani-

901 2666 1056 2698 mumque
1079 2658 1273 2697 cognosset:
1301 2665 1361 2686 zur
1378 2654 1482 2685 Sache
1500 2653 1565 2694 vgl.

1250 2710 1295 2741 7*-
