1784 2967
154 727 196 760 10
225 734 313 773 gam
354 733 472 773 quam
506 721 624 760 armis
659 720 780 759 fretos
817 723 1057 770 pugnaturos
1093 732 1190 758 esse.

145 1224 200 1265 33

196 193 213 212 ⁷
226 227 307 266 200

627 220 754 254 LIBER
778 219 934 254 XXVIII.
976 220 1069 252 CAP.
1099 219 1152 251 32.
1169 219 1226 252 33.

1483 235 1510 253 a..
1525 235 1554 253 u.
1565 227 1628 254 548.

225 328 349 367 ducat.
392 325 565 377 Magonis
586 323 740 364 hercule
760 322 851 370 sibi,
880 322 946 374 qui
972 327 1078 362 extra
1108 322 1245 369 orbem
1272 326 1463 361 terrarum
1492 322 1531 360 in
1553 321 1628 361 cir-

225 383 442 423 cumfusam
464 381 617 420 Oceano
644 379 809 419 insulam
839 391 926 418 cum
948 379 1081 431 paucis
1102 378 1313 430 perfugerit
1333 378 1511 425 navibus,
1542 391 1630 417 ma—

176 447 197 480 9
225 442 346 479 iorem
376 450 508 477 curam
537 449 639 484 esse,
665 449 780 488 quam
801 436 1024 487 Ilergetum:
1053 436 1197 487 quippe
1222 435 1298 474 illic
1323 440 1360 474 et
1380 435 1515 474 ducem
1538 435 1630 473 Car-

223 495 503 547 thaginiensem
531 499 569 533 et
589 499 944 545 quantumcumque
964 493 1154 532 Punicum
1177 491 1413 543 praesidium
1435 504 1540 538 esse,
1568 491 1631 530 hic

222 553 391 592 latrones
411 551 684 602 latronumque
704 550 821 589 duces
842 563 946 597 esse,
975 549 1113 600 quibus
1140 556 1183 588 ut
1201 549 1247 588 ad
1270 547 1516 600 populandos
1539 548 1627 586 fini-

222 609 409 648 timorum
430 620 544 659 agros
564 613 741 658 tectaque
760 606 906 645 urenda
927 611 965 644 et
983 606 1164 656 rapienda
1185 618 1327 657 pecora
1348 604 1470 655 aliqua
1490 604 1546 643 vis
1571 604 1630 652 sit,
1682 623 1686 625 -

224 665 275 704 ita
296 665 336 704 in
358 664 436 704 acie
457 677 502 703 ac
523 663 643 714 signis
666 663 828 702 conlatis
849 662 991 701 nullam
1013 675 1119 709 esse3
1141 662 1262 714 magis
1284 661 1481 701 velocitate
1501 661 1546 700 ad
1568 660 1631 700 fu-

1244 719 1372 770 itaque
1408 729 1486 756 non
1525 717 1630 768 quod

224 778 345 818 ullum
375 778 465 816 inde
489 777 705 840 periculum
734 780 800 815 aut
828 786 964 814 semen
991 775 1148 814 maioris
1176 775 1263 814 belli
1291 776 1433 821 videat,
1458 774 1547 812 ideo
1577 786 1631 820 se,

226 835 453 897 priusquam
488 833 687 885 provincia
721 832 898 879 decedat,
935 831 1217 882 opprimendos
1250 832 1428 883 Ilergetes
1465 831 1633 878 duxisse,

157 899 194 932 11
227 891 294 930 sed
316 891 485 953 primum
509 903 557 929 ne
577 889 767 942 impunita
788 894 865 928 tam
888 888 1070 927 scelerata
1092 888 1252 927 defectio
1275 893 1395 935 esset,
1423 887 1560 926 deinde
1584 899 1634 926 ne

225 948 310 999 quis
340 948 379 986 in
406 947 603 998 provincia
630 946 745 985 simul
771 945 910 985 virtute
936 949 1042 983 tanta
1069 949 1107 984 et
1133 945 1312 983 felicitate
1332 944 1550 996 perdomita
1570 956 1634 982 re-

156 1012 196 1045 12
225 1004 335 1043 lictus
364 1003 490 1043 hostis
519 1004 592 1043 dici
618 1007 765 1055 posset.
808 1001 973 1053 proinde
1009 1001 1090 1040 deis
1123 1001 1221 1040 bene
1247 1001 1466 1040 iuvantibus
1494 1012 1634 1051 seque-

225 1066 361 1100 rentur
375 1065 551 1099 nontam
569 1060 615 1099 ad
632 1060 774 1098 bellum
792 1058 1016 1110 gerendum,
1038 1070 1164 1109 neque
1185 1058 1286 1096 enim
1310 1070 1396 1096 cum
1418 1056 1501 1108 pari
1522 1057 1636 1095 hoste

227 1122 422 1156 certamen
456 1129 558 1164 esse,
598 1129 714 1168 quam
754 1115 800 1154 ad
840 1115 1075 1166 expetendas
1116 1115 1162 1153 ab
1202 1114 1427 1153 hominibus
1463 1113 1635 1152 scelestis

227 1186 386 1226 poenas.

342 1230 397 1268 Ab
433 1230 507 1268 hac
542 1229 716 1267 oratione
752 1228 937 1267 dimissos
965 1228 1013 1266 ad
1043 1228 1116 1266 iter
1145 1240 1186 1266 se
1213 1239 1439 1278 comparare
1465 1227 1503 1265 in
1533 1227 1634 1265 diem

226 1291 428 1337 posterum
449 1285 571 1330 iubet,
603 1285 878 1336 profectusque
900 1284 1073 1323 decumis
1096 1284 1232 1323 castris
1255 1283 1429 1334 pervenit
1449 1284 1494 1322 ad
1519 1283 1636 1321 Hibe-

225 1355 313 1381 rum
345 1343 501 1381 [lumen.

553 1342 641 1380 inde
668 1346 850 1392 superato
880 1340 984 1379 amni
1012 1341 1072 1379 die
1100 1345 1237 1391 quarto
1268 1340 1306 1378 in
1328 1344 1539 1390 conspectu
1560 1339 1634 1377 ho-

176 1403 196 1437 2
230 1399 347 1438 stium
376 1398 509 1449 posuit
536 1403 673 1437 castra.
701 1410 861 1448 campus
891 1401 978 1435 ante
1006 1397 1205 1435 montibus
1234 1396 1332 1435 circa
1359 1402 1514 1446 saeptus
1537 1401 1635 1442 erat3

229 1456 266 1493 in
294 1469 377 1494 eam
406 1455 540 1494 vallem
569 1454 699 1505 Scipio
729 1467 813 1492 cum
843 1465 1003 1504 pecora,
1039 1459 1147 1504 rapta
1184 1453 1365 1504 pleraque
1392 1466 1436 1491 ex
1464 1452 1637 1491 hostium

228 1512 343 1562 agria
366 1511 528 1562 propelli
551 1511 598 1550 ad
619 1511 849 1549 inritandam
871 1510 1061 1548 feritatem
1084 1509 1336 1548 barbarorum
1360 1509 1551 1554 iussisset,
1573 1522 1637 1546 ve-

227 1569 310 1607 lites
333 1567 507 1606 subsidio
530 1567 653 1613 misit,
681 1580 702 1605 a
730 1567 869 1617 quibus
891 1566 956 1605 ubi
978 1578 1048 1616 per
1068 1566 1404 1616 procursationem
1427 1566 1638 1604 commissa

228 1637 356 1676 pugna
379 1629 498 1669 esset,
532 1623 701 1662 Laelium
730 1636 818 1662 cum
847 1623 1018 1674 equitatu
1046 1623 1234 1674 impetum
1263 1636 1306 1661 ex
1335 1622 1485 1661 occulto
1511 1621 1637 1660 facere

178 1573 197 1605 3

227 1747 249 1789 ξ
270 1747 321 1778 12.
338 1765 382 1770 ·——
399 1747 501 1779 ducat
516 1762 561 1774 =
576 1749 688 1790 putet,
712 1755 738 1779 S.
757 1746 796 1777 27
811 1771 819 1786 ,
838 1746 892 1785 34,

227 1792 266 1831 23
282 1791 335 1831 35,
353 1792 403 1831 14,
420 1792 471 1823 10.
487 1811 530 1815 —
543 1792 741 1834 Ilergetum,
755 1802 782 1822 s.
797 1801 824 1823 c.
840 1791 893 1823 24.

227 1837 258 1869 4.
275 1855 319 1860 —-
330 1837 492 1880 praesid„
506 1838 558 1869 ein
573 1837 895 1879 Truppencorps.—

227 1883 388 1922 latrones,
402 1882 470 1923 s.2,
485 1882 538 1923 48,
553 1883 583 1914 5.
609 1882 719 1914 Ueber
732 1882 783 1913 die
800 1881 896 1914 Wie-

228 1929 410 1968 derholung
439 1938 501 1959 von
531 1939 605 1959 esse
633 1938 684 1959 am
714 1928 806 1959 Ende
835 1928 895 1958 der

228 1973 328 2004 S‘zitze
347 1984 373 2004 s.
394 1974 424 2013 3,
444 1974 474 2013 5,
496 1973 546 2013 14,
564 1973 632 2013 vgl.
654 1972 682 2012 1,
700 1972 754 2012 41,
774 1973 808 2004 5:
834 1983 895 2004 au-

227 2018 371 2050 dientem
389 2030 462 2050 esse
475 2037 519 2041 —
532 2021 648 2050 munia
665 2028 756 2056 ess-93
774 2017 827 2057 44,
842 2017 895 2058 22,

232 2063 289 2102 173
331 2063 389 2104 40,
429 2063 489 2103 34,
532 2063 589 2094 11:
614 2062 782 2094 creditum
821 2073 896 2094 esse

228 2110 362 2140 sincera
376 2108 444 2149 fide
460 2126 504 2131 —
523 2118 612 2145 esse3
632 2107 685 2146 34,
704 2108 758 2146 49,
776 2107 795 2137 S
814 2118 844 2138 u.
863 2117 895 2138 a.

228 2171 272 2176 ——
295 2156 333 2185 ut
355 2172 400 2176 —
419 2155 466 2185 sit
498 2153 628 2184 enthalt
661 2153 810 2192 zugleich
841 2152 894 2183 die

228 2198 463 2240 Einrk‘iumung,
482 2198 543 2237 27,
561 2197 621 2238 26,
642 2198 676 2235 1;
701 2197 760 2237 21,
779 2197 839 2237 47,
863 2197 894 2228 4.

235 2263 271 2266 -
284 2244 331 2275 ad
342 2245 422 2286 sag.
442 2244 560 2284 gehfirt
575 2254 616 2274 zu
629 2242 811 2284 velocitate,
831 2252 895 2273 s.e.

231 2289 282 2327 19,
304 2289 353 2320 13.

278 2334 430 2365 10—12.
457 2333 591 2365 Griinde
625 2334 684 2364 der
709 2333 895 2366 Unterneh-

228 2390 336 2419 muug.
366 2390 432 2410 non
451 2379 599 2421 qvod—
615 2378 698 2416 ideo,
720 2379 755 2418 2,
778 2378 835 2417 15,
862 2377 893 2408 2.

229 2443 272 2447 ——
290 2435 420 2464 semen,
440 2425 502 2455 wie
520 2435 547 2455 c.
567 2424 600 2464 2,
623 2424 662 2454 13
679 2425 834 2455 materia.
852 2440 897 2446 —

230 2469 373 2501 (itavisse
390 2470 452 2500 wie
471 2469 491 2511 ξ
510 2469 540 2500 S.
554 2487 598 2492 ——
614 2469 720 2500 simzd
736 2487 777 2490 —
796 2471 845 2507 et,
864 2468 894 2507 4,

230 2515 287 2555 40,
314 2515 343 2545 3.
367 2533 409 2537 -—
431 2517 549 2557 posset
571 2515 636 2545 und
663 2514 785 2545 voi-her
807 2516 898 2545 esset

230 2559 271 2590 im
307 2559 481 2598 Vergleich
517 2570 557 2590 zu
597 2560 657 2590 den
697 2558 894 2598 voi-bergen.

231 2605 418 2645 praesentia
444 2606 487 2635 ist
507 2604 665 2636 Wechsel
692 2605 748 2635 des
773 2604 895 2635 Stand-

231 2649 373 2690 punktes
391 2650 449 2680 des
467 2649 718 2691 Sprcchenden,
742 2659 769 2681 s.
794 2659 821 2680 c.
844 2647 894 2688 18,

966 1746 986 1777 9
1004 1756 1035 1777 u.
1054 1756 1081 1776 a.
1117 1745 1272 1784 Dagegen
1300 1745 1345 1776 ist
1368 1745 1399 1776 in
1425 1745 1484 1776 der
1502 1743 1636 1776 Auffor-

966 1791 1093 1830 derung
1110 1791 1189 1821 nach
1203 1789 1346 1833 proinde
1359 1791 1416 1822 das
1432 1788 1561 1832 Imperf.
1578 1791 1636 1821 das

966 1836 1192 1876 gewb'huliche
1212 1835 1366 1877 Tempus,
1386 1835 1439 1875 27,
1457 1835 1634 1875 17,14.—

967 1881 1055 1912 lzom.
1073 1881 1162 1921 scel„
1180 1890 1220 1911 an
1239 1881 1412 1912 einzelnen
1430 1880 1606 1912 Frevlern.

1013 1919 1083 1958 33.
1113 1925 1403 1968 1—3.abl1ac,.s
1423 1937 1450 1957 c.
1472 1926 1522 1964 19,
1542 1926 1573 1957 9.
1590 1943 1636 1947 -

966 1971 1125 2013 decumis,
1143 1981 1169 2002 s.
1188 1982 1216 2002 c.
1238 1971 1296 2011 16,
1316 1972 1352 2010 93
1379 1971 1500 2002 ebenso
1519 1970 1635 2012 Polyb.

967 2017 1027 2048 Die
1051 2016 1176 2048 Feinde
1200 2016 1332 2047 miissen
1357 2016 1424 2047 sich
1449 2016 1520 2046 also
1552 2015 1635 2046 belm

968 2061 1144 2093 Anriicken
1164 2061 1291 2101 Scipios
1319 2071 1382 2091 von
1401 2060 1634 2100 Neucarthago

968 2107 1027 2137 ber
1043 2116 1102 2137 aus
1121 2107 1192 2136 dem
1208 2105 1348 2137 Gebiete
1366 2106 1426 2136 der
1439 2105 1635 2145 Sedetaner,

968 2161 996 2182 s.
1016 2161 1043 2182 c.
1063 2150 1116 2189 24,
1135 2151 1166 2191 4,
1192 2151 1310 2182 'o‘stlich
1335 2150 1417 2181 iiber
1440 2151 1501 2181 den
1519 2149 1634 2181 Iberus

968 2196 999 2227 in
1023 2196 1075 2226 ihr
1099 2195 1190 2226 Laud
1214 2195 1489 2235 zuriickgezogen
1519 2195 1634 2226 baben.

968 2251 1107 2284 campus
1121 2244 1199 2272 ante
1213 2252 1243 2272 n.
1259 2243 1388 2273 castra:
1408 2241 1466 2272 das
1481 2240 1563 2272 Feld
1577 2241 1634 2271 da-

969 2297 1047 2325 vor3
1072 2286 1163 2317 viell
1184 2287 1228 2317 ist
1245 2298 1283 2317 ea
1307 2287 1386 2317 nach
1411 2288 1491 2317 ante
1513 2295 1634 2325 ausge-

967 2330 1081 2371 fallen,
1096 2332 1162 2371 vgl.
1176 2331 1229 2371 27,
1245 2331 1297 2369 27,
1312 2331 1346 2362 3·
1365 2334 1442 2373 cwig
1443 2341 1531 2363 ¹uum
1545 2341 1634 2362 cam-

965 2356 1096 2420 plange
1120 2379 1252 2415 cast7a3
1278 2376 1393 2427 Polyb.
1411 2377 1432 2407 l.
1458 2376 1497 2407 l.:
1515 2373 1634 2417 λαβὼν

970 2419 1114 2453 αι’)(ῡιά
1149 2432 1230 2453 τινα
1261 2419 1395 2465 μεταξυ
1429 2419 1540 2452 αὐτοῦ
1573 2420 1634 2452 καὶ

968 2467 1040 2499 τῶν
1092 2468 1282 2511 nosternon
1333 2464 1632 2510 στρατοπεδειας,

969 2513 1050 2543 oder
1067 2515 1142 2544 arte
1158 2514 1340 2549 montrQhus
1361 2522 1386 2543 s.
1385 2510 1425 2579 )§
1443 2511 1500 2548 12,
1526 2522 1567 2542 zu
1586 2511 1633 2541 le—

969 2568 1039 2590 sen.
1057 2568 1219 2597 -017¹ca,
1238 2558 1304 2596 vgl.
1324 2557 1361 2596 9,
1436 2557 1466 2587 7.
1484 2557 1633 2606 —sffl'f‘

968 2606 1032 2643 Ias,
1063 2603 1342 2642 instinctmiissige
1366 2601 1545 2639 Wildheit,
1569 2601 1632 2631 wie

968 2649 1015 2680 sie
1034 2647 1082 2679 oft
1099 2647 1332 2679 barbarischen
1350 2646 1497 2679 Viilkern
1521 2646 1633 2686 beige-
