1784 2967
49 795 89 826 10

47 1075 87 1107 15

43 1356 86 1388 20

568 178 694 210 LIBER
718 176 848 210 XXIX.
896 178 990 210 CAP.
1016 179 1046 210 5.
1435 178 1512 217 251.

116 197 142 215 a·
159 190 212 216 Ch.
228 189 288 214 205.

226 281 381 320 Eisdem
401 281 524 320 ferme
546 280 679 319 diebus
700 292 834 326 naves,
876 292 972 330 quae
998 279 1044 318 ab
1067 279 1293 329 Carthagine
1318 279 1365 318 ad
1386 279 1517 330 Mago-

116 350 207 377 nem
229 338 370 376 missae
391 342 511 383 erant,
534 337 632 376 inter
652 336 914 386 Albingaunos
936 336 1094 386 Ligures
1118 335 1368 387 Genuamque
1389 347 1517 374 acces-

119 399 265 432 serunt.
302 394 341 432 in
363 393 408 432 iis
430 393 525 432 locis
547 398 629 431 tum
649 392 749 430 forte
769 392 879 443 Mago
900 393 1053 430 tenebat
1074 392 1254 439 classem,
1284 393 1347 443 qui
1369 391 1516 441 legato—

117 462 205 488 rum
232 450 371 489 auditis
398 449 525 488 verbis
553 449 766 487 iubentium
795 448 983 487 exercitus
1008 461 1122 499 quam
1144 449 1336 487 maximos
1358 460 1517 499 compa-

117 518 212 553 rare,
234 506 426 557 extemplo
445 505 638 544 Gallorum
661 511 695 543 et
713 504 899 555 Ligurum
918 526 974 532 —
994 516 1160 554 namque
1177 505 1377 554 utriusque
1394 504 1519 554 gentis

116 563 253 612 ingens
275 563 325 600 ibi
347 561 552 600 multitudo
574 565 655 599 erat
674 582 729 594 ,-
751 560 956 599 concilium
977 560 1130 606 habuit,
1166 565 1203 598 et
1224 561 1388 599 missum
1410 573 1451 598 se
1472 560 1518 599 ad

117 631 184 657 eos
206 618 456 657 vindicandos
478 617 518 655 in
538 617 753 655 libertatem
775 618 837 663 ait,
860 622 914 663 et,
937 621 979 655 ut
1005 616 1079 667 ipsi
1107 621 1281 663 cernant,
1321 616 1420 655 mitti
1447 616 1520 654 sibi

117 675 163 713 ab
199 675 315 712 domo
351 673 562 724 praesidia,
604 673 673 711 sed
710 673 862 724 quantis
899 672 1063 719 viribus,
1105 678 1247 723 quanto
1285 673 1455 711 exercitu
1481 672 1518 710 id

116 730 257 769 bellum
288 734 459 780 geratur,
501 730 539 768 in
568 741 702 768 eorum
732 734 922 780 potestate
950 741 1045 767 esse.
1101 730 1200 767 duos
1230 728 1416 767 exercitus
1438 728 1518 767 Ro—

117 799 273 833 manOS,
312 798 435 824 unum
464 786 504 824 in
533 784 668 831 Gallia,
710 788 870 824 alterum
900 786 940 824 in
967 785 1119 824 Etruria
1147 797 1251 831 esse,
1291 785 1384 824 satis
1421 785 1519 823 scire

117 843 183 893 Sp.
202 843 423 881 Lucretium
445 854 487 881 se
508 854 596 880 cum
613 842 660 880 M.
677 842 784 880 Livio
806 843 1047 887 iuncturum3
1070 841 1187 879 multa
1204 841 1318 880 millia
1336 841 1519 880 armanda

115 911 219 944 esse,
250 904 294 937 ut
315 898 469 937 duobus
493 898 654 936 ducibus
678 898 825 937 dnobus
846 898 1073 936 exercitibus
1095 897 1281 936 Romanis
1302 897 1517 936 resistatur.

116 955 209 993 Galli
231 967 424 993 summam
447 955 491 993 ad
513 954 550 992 id
573 967 683 993 suam
706 955 940 993 voluntatem
963 966 1049 991 esse
1071 953 1213 1000 dicere,
1243 953 1308 991 sed
1333 965 1421 991 cum
1442 964 1518 992 una

116 1016 239 1049 castra
261 1011 433 1049 Romana
455 1011 553 1049 intra
576 1011 683 1057 finis,
725 1011 840 1049 altera
861 1011 899 1048 in
921 1005 1083 1048 finitima
1104 1014 1204 1048 terra
1225 1009 1376 1048 Etruria
1396 1021 1519 1060 prope

116 1066 155 1105 in
179 1072 389 1117 conspeetu
411 1066 588 1111 habeant,
611 1067 643 1105 si
664 1067 792 1117 palam
814 1067 878 1105 fiat
898 1066 1044 1104 auxiliis
1061 1066 1234 1104 adiutum
1252 1065 1297 1104 ab
1316 1078 1401 1103 sese
1417 1065 1517 1103 Poe-

114 1135 226 1169 num,
267 1123 458 1173 extemplo
487 1123 650 1161 infestos
673 1123 868 1173 utrimque
889 1122 1077 1160 exercitus
1099 1122 1139 1160 in
1161 1134 1296 1171 agrum
1320 1133 1435 1160 suum
1456 1121 1519 1159 in—

115 1191 318 1218 cursuros:
359 1192 402 1217 ea
424 1179 469 1217 ab
492 1179 606 1217 Gallis
629 1179 878 1225 desideraret,
901 1178 1040 1229 quibus
1064 1178 1212 1217 occulte
1233 1177 1401 1216 adiuvari
1423 1189 1517 1228 pos-

115 1240 190 1275 set:
232 1235 454 1285 Liguribus,
477 1236 582 1285 quod
604 1235 740 1285 procul
762 1247 853 1285 agro
879 1234 1115 1284 urbibusque
1136 1247 1268 1272 eorum
1293 1239 1414 1272 castra
1436 1234 1517 1272 Ro-

114 1304 226 1329 mana
249 1292 346 1337 sint,
385 1291 504 1329 libera
525 1291 683 1330 consilia
706 1304 810 1337 esse,
851 1291 936 1329 illos
963 1303 1112 1329 armare
1141 1290 1376 1329 iuventutem
1398 1294 1435 1327 et
1455 1302 1518 1328 ca—

113 1360 270 1399 pessere
291 1360 361 1397 pro
385 1352 493 1397 parte
520 1346 661 1385 bellum
692 1359 858 1397 aequum
886 1359 984 1384 esse.
1024 1347 1184 1396 Ligures
1214 1347 1315 1385 haud
1338 1346 1518 1393 abnuere,

113 1409 269 1454 tempus
296 1403 413 1442 modo
444 1404 612 1442 duorum
648 1415 829 1441 mensum
866 1408 994 1453 petere
1025 1403 1071 1441 ad
1108 1402 1268 1441 dilectus
1305 1402 1517 1440 habendos.

114 1460 266 1499 interim
282 1460 390 1509 Mago
414 1459 555 1497 milites
573 1459 700 1498 Gallos
723 1459 893 1497 dimissis
917 1459 1013 1497 clam
1035 1470 1104 1509 per
1125 1471 1238 1508 agros
1260 1470 1395 1496 eorum
1414 1470 1520 1496 mer-

160 1555 195 1597 5=
217 1553 334 1591 1—9.
362 1559 595 1591 Verhiiltnisse
618 1559 649 1590 in
675 1559 781 1591 Ober-

116 1606 240 1636 italien.

163 1650 258 1681 1-2.
282 1650 491 1690 Albz‘ng'aun.
516 1650 560 1681 ist
579 1660 640 1680 nur
657 1650 708 1680 ein
726 1660 784 1680 an-

115 1695 212 1725 derer
229 1694 331 1725 Name
354 1693 407 1724 fiir
430 1694 482 1725 die
499 1693 634 1734 Ingauni
659 1694 711 1733 28,
729 1695 781 1735 46,

118 1739 169 1777 10,
187 1739 250 1769 wie
275 1740 334 1769 der
351 1738 453 1770 Name
476 1739 566 1770 ihrer
583 1739 783 1780 Hauptstadt

114 1784 371 1825 Albingaunum
395 1784 501 1823 zeigt,
536 1793 562 1814 s.
588 1783 667 1814 Tac.
691 1783 732 1815 A.
751 1783 781 1824 2,

118 1830 174 1860 15:
206 1829 463 1869 Albingaunum
485 1829 658 1860 interioris
674 1827 783 1869 Ligu-

115 1876 198 1906 riae.
228 1874 287 1905 Die
304 1873 423 1904 Worte
440 1876 529 1905 inter
541 1891 585 1896 —
601 1872 781 1914 Genuamq.

116 1919 345 1950 umschreiben
371 1919 431 1949 den
451 1918 514 1949 Ort
536 1919 595 1949 der
612 1918 781 1957 Landung,

115 1963 386 1995 wahrseheinlich
412 1964 495 1994 vada
521 1963 694 2002 Sabbatia,
729 1962 781 2002 28,

115 2009 168 2049 40,
183 2009 214 2040 9.
232 2027 277 2032 —-
294 2008 479 2047 concilium,
498 2008 572 2039 eine
590 2007 783 2040 Versamm-

114 2054 193 2093 lung
210 2054 269 2085 der
285 2053 496 2095 Hiiuptlinge,
515 2063 542 2084 s.
561 2063 588 2084 c.
608 2052 638 2093 3,
660 2053 694 2092 13
730 2052 782 2094 21,

116 2098 168 2137 24,
187 2099 218 2129 5.

161 2142 270 2173 3—5.
303 2145 446 2174 missum
477 2161 522 2165 —
552 2145 645 2174 mitti
676 2143 782 2173 sollen

117 2187 196 2218 nach
221 2187 281 2218 der
303 2188 456 2227 Stellung
484 2187 600 2219 betont
632 2188 783 2219 werden:

117 2230 232 2263 friiher
256 2232 346 2263 seien
371 2250 415 2255 —
434 2233 523 2272 jetzt
545 2233 681 2263 wiirden
707 2244 737 2263 u.
757 2243 783 2263 s.

117 2287 160 2307 w.
193 2295 237 2299 —
266 2280 430 2317 geratur,
479 2275 613 2316 gefiihrt
650 2278 784 2308 werden

118 2321 239 2352 ko'nne.
263 2340 306 2344 —-
329 2323 416 2353 satis
440 2331 487 2352 sc.
511 2332 542 2352 n.
568 2333 634 2362 eos,
660 2332 686 2352 S.
705 2333 733 2354 c.
753 2321 784 2362 S,

118 2367 157 2405 43
195 2366 223 2404 1,
243 2366 273 2406 9,
292 2367 323 2397 4.
342 2385 386 2389 -—
403 2368 554 2405 exercit„
574 2377 601 2397 c.
621 2367 650 2405 3,
673 2367 723 2397 15.
741 2385 786 2389 —

117 2411 223 2442 malta
239 2422 283 2442 m.
300 2422 329 2443 a.
349 2423 388 2451 e„
407 2412 483 2442 dass
501 2412 552 2442 die
571 2411 686 2442 beiden
704 2411 786 2443 Vtil-

118 2456 180 2487 ker
202 2457 250 2487 sie
281 2456 401 2487 stellen
433 2456 538 2487 solleu
568 2457 657 2495 zeigt
685 2457 785 2487 sehon

117 2503 151 2532 in
176 2511 293 2533 eorum
314 2504 480 2544 potestate
504 2512 594 2539 esse3
629 2501 680 2532 die
704 2501 785 2532 Car-

118 2547 235 2586 thager
253 2546 323 2577 sind
341 2547 466 2578 hereits
485 2546 678 2585 bewalsnet3
701 2548 785 2589 ipsis

120 2592 222 2622 etiam
235 2602 305 2623 war
322 2592 424 2623 daher
440 2592 531 2623 nicht
547 2591 670 2631 no‘thig.

900 1558 1011 1590 6—7.
1044 1558 1089 1590 ad
1109 1558 1153 1599 z'cl,
1183 1559 1272 1590 viele
1295 1557 1451 1599 Truppen
1481 1568 1522 1588 zu

855 1604 987 1635 stellen.
1007 1621 1048 1626 —
1066 1614 1135 1635 ‘lma
1159 1614 1196 1644 e.,
1217 1614 1243 1634 s.
1263 1602 1316 1642 28,
1335 1603 1388 1641 46,
1408 1602 1459 1633 12.
1477 1620 1523 1625 —

856 1652 949 1680 terra
964 1648 1050 1686 Etr„
1069 1659 1096 1679 s.
1115 1649 1166 1689 25,
1187 1649 1215 1687 7,
1234 1648 1264 1679 3.
1281 1665 1327 1671 ——-
1350 1647 1522 1679 desidera-

855 1696 924 1731 ret,
959 1703 985 1724 s,
1011 1693 1065 1733 23,
1090 1692 1144 1732 32,
1166 1693 1224 1731 12,
1260 1694 1361 1724 daran
1381 1693 1436 1723 bat
1453 1693 1522 1723 sich

852 1741 971 1780 posset
985 1738 1254 1777 angesehlossen.
1275 1757 1318 1760 —
1333 1747 1396 1780 pro
1412 1740 1522 1779 parte,

856 1783 935 1813 nach
945 1783 1015 1813 dem
1025 1783 1121 1813 ihnen
1131 1781 1522 1820 zukommendenTheile3

855 1828 935 1858 nach
954 1827 1025 1858 dem
1045 1827 1250 1867 Vorhergeh.
1276 1827 1347 1858 also
1365 1827 1457 1857 mehr
1472 1827 1524 1858 als

856 1873 907 1903 die
938 1871 1084 1911 Gallier3
1118 1872 1268 1911 hiiufiger
1297 1873 1340 1902 ist
1366 1882 1430 1913 pro
1460 1882 1524 1903 sua

855 1919 971 1959 parte3
1003 1927 1067 1959 pro
1097 1920 1174 1948 rata
1201 1917 1265 1947 und
1297 1917 1388 1948 virili
1414 1919 1523 1959 parte,

855 1962 920 2002 vgl.
936 1962 989 2001 34,
1009 1961 1060 2002 50,
1077 1962 1112 2000 7;
1129 1972 1193 2005 pro
1204 1963 1380 2004 portion33
1399 1961 1453 2001 27,
1468 1961 1522 2001 27,

856 2007 890 2037 6:
911 2018 955 2038 ea·
969 2009 1078 2049 parte.

901 2051 998 2082 8—9.
1026 2050 1135 2083 Gallos
1153 2051 1306 2082 dimissis
1323 2050 1367 2082 ist
1384 2051 1435 2082 die
1452 2051 1523 2082 hds.

855 2096 992 2134 Lesart3
1028 2097 1109 2127 doch
1134 2097 1217 2127 wird
1240 2096 1322 2126 nach
1346 2096 1523 2127 derselben

856 2143 932 2181 das,
965 2151 1034 2172 was
1061 2142 1246 2181 geschehen
1272 2141 1353 2180 soll,
1386 2139 1445 2171 auf
1465 2141 1522 2171 das

857 2186 994 2226 Subject
1016 2187 1073 2216 des
1094 2185 1315 2227 Hauptsatzes
1340 2185 1524 2225 zuriiekge-

857 2230 948 2262 ffihrt
971 2231 1035 2261 und
1059 2230 1208 2262 dz'mz'ssz's
1233 2231 1322 2261 steht
1346 2231 1429 2261 ohne
1457 2230 1522 2260 all(-

859 2276 1057 2315 sseziehung,
1076 2275 1229 2306 wiihrend
1248 2279 1342 2306 sonst
1359 2286 1423 2306 von
1440 2277 1523 2306 mis-

859 2324 918 2361 sis,
937 2321 1101 2359 clsmfssis,
1124 2321 1324 2362 praemissis
1341 2321 1399 2351 das
1418 2319 1524 2351 Beab-

859 2367 1011 2405 sichtigte
1043 2366 1143 2396 durch
1184 2365 1279 2395 einen
1316 2364 1522 2396 Relativsatz

860 2412 939 2442 oder
963 2411 1020 2442 das
1042 2410 1242 2441 Gerundiuiu
1267 2409 1318 2441 od.
1345 2409 1522 2441 Gerundiv.

858 2456 1020 2495 abli'zingig
1037 2455 1188 2494 gemacht
1204 2455 1297 2492 wird,
1317 2465 1342 2485 s.
1365 2454 1392 2495 1,
1411 2454 1465 2494 37,
1487 2454 1521 2491 1;

858 2501 912 2541 21,
931 2500 984 2539 23,
1006 2502 1040 2538 1;
1067 2500 1118 2540 31,
1136 2500 1190 2540 45,
1209 2499 1227 2529 3
1246 2510 1278 2531 u.
1295 2509 1330 2537 εις
1364 2499 1392 2539 1,
1412 2498 1465 2539 31,
1484 2498 1522 2537 23

859 2546 911 2585 10,
930 2546 982 2584 29,
1005 2545 1062 2583 183
1087 2545 1168 2575 auch
1186 2545 1300 2575 wiirde
1318 2545 1386 2575 sich
1407 2554 1524 2576 eorum

857 2589 916 2621 auf
933 2590 1059 2621 milites
1082 2589 1238 2621 beziehen
1263 2589 1413 2629 iniissen3
1446 2590 1525 2621 des-

1547 681 1569 767 01κὲ-
