1784 2967
519 233 646 266 LIBER
663 232 789 265 XXVI.
823 233 915 266 CAP.
935 235 985 267 15.
1007 236 1056 268 16.
1401 236 1481 275 237

84 351 187 384 esse,
214 337 331 375 modo
354 336 550 387 prohiberi
571 336 685 374 etiam
708 347 766 382 se,
790 335 821 373 si
843 335 878 373 id
902 336 1025 382 vellet,
1048 343 1204 376 senatus
1226 337 1402 376 consulto
1425 337 1483 375 di-

84 399 203 439 ceret,
225 399 306 431 tum
332 393 507 432 Vibellius
529 392 708 442 „quando
731 391 911 441 quidem
933 392 1055 442 inquit
1074 399 1208 444 „capta
1228 394 1363 444 patria,
1387 406 1483 444 pro-

82 450 239 501 pinquis
267 449 477 500 amicisque
505 447 678 493 amissis,
705 459 792 486 cum
815 447 898 498 ipse
922 460 1035 486 manu
1059 462 1141 487 mea
1165 450 1367 499 coniugem
1388 449 1483 488 libe-

83 518 226 556 rosque
247 505 524 551 interfecerim,
550 516 598 542 ne
619 504 707 554 quid
730 503 875 554 indigni
898 509 1139 553 paterentur,
1162 506 1253 544 mihi
1277 518 1324 543 ne
1345 506 1483 544 mortis

36 575 54 607 5
85 562 237 613 quidem
261 562 370 612 copia
392 562 521 600 eadem
546 565 613 606 est,
636 572 733 610 quae
755 560 814 598 his
837 559 982 598 civibus
1004 561 1114 604 meis,
1136 566 1287 610 petatur
1307 575 1326 600 a
1349 562 1484 600 virtute

83 618 228 657 invisae
248 618 362 656 huius
384 618 478 656 vitae
499 616 699 655 vindicta“.
722 621 834 667 atque
850 615 898 654 ita
918 616 1055 666 gladio,
1078 629 1190 667 quem
1208 623 1309 655 veste
1326 623 1482 664 texerat,
1516 622 1553 653 15

83 688 152 726 per
168 675 370 713 adversum
386 679 520 725 pectus
544 673 750 711 transfixus
775 677 862 711 ante
877 673 995 723 pedes
1018 672 1262 724 imperatoris
1280 674 1482 712 moribun-

85 732 156 770 dus
179 730 396 782 procubuit.

196 786 290 833 Quia
319 792 355 824 et
382 786 487 836 quod
513 785 559 823 ad
583 785 815 836 supplicium
836 784 971 823 attinet
992 784 1276 835 Campanorum
1299 790 1335 823 et
1356 785 1486 836 plera-
1511 785 1562 823 16

85 856 157 894 que
177 843 245 881 alia
268 843 313 881 de
334 842 457 880 Flacci
477 842 591 880 unius
615 841 802 880 sententia
823 847 905 879 acta
927 846 1046 887 erant,
1069 846 1264 879 mortuum
1284 842 1353 891 Ap.
1373 842 1484 880 Clau-

83 900 187 938 dium
215 899 287 937 sub
318 898 552 937 deditionem
575 897 724 948 Capuae
746 897 899 947 quidam
921 898 1091 935 tradunt:
1125 898 1228 935 hunc
1249 910 1403 948 quoque
1424 898 1483 948 ip·
1515 907 1533 938 2

83 968 169 994 sum
191 956 377 993 Tauream
406 967 530 1004 neque
558 967 624 992 sua
654 959 794 1004 sponte
822 954 972 991 venisse
995 954 1100 992 Cales
1129 966 1251 1004 neque
1279 966 1346 991 sua
1369 965 1484 992 manu

81 1012 335 1057 interfectum,
357 1011 424 1049 sed
447 1023 532 1048 cum
556 1011 654 1048 inter
676 1016 824 1048 ceteros
847 1010 891 1047 ad
915 1010 1043 1060 palum
1066 1009 1250 1059 deligatus
1273 1012 1485 1061 qm'ritaret,

83 1068 170 1118 quia
197 1080 333 1118 parum
361 1068 459 1105 inter
487 1067 670 1117 strepitus
714 1066 883 1104 exaudiri
896 1071 1058 1116 possent
1079 1078 1174 1116 quae
1196 1066 1485 1111 vociferabatur,

12 1135 51 1166 15
85 1125 275 1162 silentium
298 1124 379 1162 fieri
402 1123 578 1162 Flaccum
601 1123 778 1167 iussisse,
800 1129 880 1166 tum
898 1122 1084 1159 Tauream
1103 1122 1161 1160 illa
1184 1134 1281 1172 quae
1297 1126 1383 1159 ante
1401 1134 1483 1160 me-
1514 1129 1532 1160 3

84 1186 229 1219 morata
258 1186 348 1219 sunt
376 1180 534 1224 dixisse,
564 1179 684 1217 virum
713 1191 754 1216 se
780 1177 1038 1216 fortissimum
1067 1177 1112 1215 ab
1140 1190 1378 1228 nequaquam
1403 1178 1484 1229 pari

82 1237 126 1274 ad
158 1237 333 1275 virtutem
368 1236 507 1281 occidi,
545 1235 617 1273 sub
649 1236 741 1273 haec
772 1235 870 1272 dicta
902 1234 1010 1272 iussu
1044 1234 1290 1284 proconsulis
1323 1246 1483 1284 praeco—

82 1305 169 1331 nem
216 1293 265 1330 ita
308 1292 583 1342 pronuntiasse
627 1291 786 1336 ‚,lictor,
830 1290 910 1328 viro
948 1290 1039 1328 forti
1079 1291 1175 1328 adde
1211 1291 1334 1340 virgas
1373 1297 1409 1329 et
1446 1291 1485 1329 in

82 1361 168 1387 eum
205 1348 376 1399 primum
413 1349 492 1398 lege
528 1351 638 1398 age“.
699 1347 839 1385 lectum
876 1359 1028 1397 quoque
1064 1352 1219 1385 senatus
1253 1347 1484 1393 consultum,
1513 1348 1534 1379 4

82 1406 307 1456 priusquam
340 1405 464 1443 securi
493 1404 641 1450 feriret,
675 1404 829 1454 quidam
862 1408 1037 1441 auctores
1069 1408 1175 1449 sunt,
1207 1404 1271 1441 sed
1305 1404 1391 1453 quia
1415 1403 1484 1442 ad-

84 1461 270 1512 scriptum
304 1461 343 1498 in
377 1466 533 1499 senatus
561 1460 739 1498 consulto
768 1459 900 1506 fuerit,
933 1461 964 1497 si
994 1459 1025 1497 ei
1053 1459 1260 1505 videretur,
1294 1459 1484 1509 integram

82 1530 162 1556 rem
191 1518 236 1556 ad
266 1522 441 1556 senatum
472 1517 648 1562 reiceret,
677 1516 969 1566 interpretatum
998 1528 1101 1561 esse,
1131 1516 1219 1566 quid
1248 1516 1369 1566 magis
1398 1529 1417 1554 e
1444 1528 1485 1553 re

82 1574 231 1625 publica
253 1574 407 1612 duceret
426 1573 730 1612 aestimationem
754 1572 826 1611 sibi
847 1572 1090 1623 permissam.

0 0 7 154 l

0 162 5 178 Ι

0 182 6 292 ιι
86 254 111 270 a.
129 245 183 271 Ch.
200 246 259 270 211.

0 305 4 353 ἕ

0 358 4 379 l

0 382 4 475 ξ
1515 402 1555 434 14

15 855 55 887 10

0 1413 53 1445 120

823 1751 881 1782 der
899 1755 1011 1781 ersten
1032 1751 1223 1789 Erziihlung
1240 1750 1339 1781 nicht.
1353 1768 1398 1772 —
1414 1752 1487 1791 qui-

822 1798 943 1828 ritaret
975 1796 1055 1826 oder
1094 1796 1144 1826 ein
1185 1796 1353 1826 iihnliches
1387 1794 1489 1826 &Vort

823 1841 951 1871 scheint
974 1839 1178 1879 ausgefallen
1204 1851 1244 1870 zu
1271 1840 1360 1879 sein,
1387 1850 1413 1870 s.
1433 1839 1487 1879 40,

85 1762 111 1783 s.
120 1763 147 1783 c.
158 1751 210 1792 38,
225 1752 273 1783 10.
282 1752 430 1792 —modo,
444 1753 493 1783 als
509 1753 548 1783 ob
558 1752 657 1784 modo
669 1762 749 1783 vor-

85 1797 280 1837 hergienge,
297 1796 668 1840 dann,fastpostmod0,
682 1796 749 1836 vgl.

87 1841 164 1873 Tac.
182 1841 265 1872 Anu.
281 1842 311 1881 6,
327 1842 384 1872 32;
404 1843 599 1873 Artabanus
619 1841 752 1873 tardari

85 1889 187 1925 metu,
196 1886 295 1918 modo
310 1887 466 1929 cupidine
474 1905 516 1909 —
524 1886 749 1918 inardescere.

85 1950 130 1954 --
143 1933 244 1962 etiam
257 1932 428 1962 iiberdies:
447 1942 482 1963 er
501 1932 578 1963 thue
597 1942 631 1962 es
652 1932 749 1970 nicht,

86 1976 163 2007 weil
177 1975 214 2007 T.
229 1977 318 2008 nicht
332 1977 382 2007 bei
397 1976 517 2008 Sinnen
534 1977 598 2015 sei,
617 1986 752 2007 ausser-

87 2022 157 2053 dem
171 2022 283 2052 werde
303 2031 340 2052 er
356 2023 448 2061 auch,
462 2032 556 2052 wenn
572 2031 608 2052 er
622 2032 651 2052 u.
667 2032 693 2052 s.
710 2031 751 2052 w.

85 2083 130 2089 —-
152 2066 302 2106 vindict„
326 2066 393 2106 vgl.
417 2066 476 2105 40,
501 2066 537 2106 4,
566 2065 622 2097 13:
647 2077 751 2105 mors,

86 2113 202 2152 inquit,
220 2122 289 2143 una
305 2111 450 2143 vindicta
467 2114 538 2151 απ,-
565 2110 618 2149 34,
643 2111 695 2147 49,
720 2111 750 2151 3,

87 2166 128 2186 zu
147 2156 198 2197 24,
216 2156 270 2192 37,
291 2156 341 2187 10.
356 2175 397 2179 --
414 2157 479 2188 Das
493 2167 597 2197 ganze
612 2156 752 2188 Versab-

89 2210 146 2231 ren
165 2201 222 2231 des
241 2200 380 2232 Fulvius
399 2201 443 2232 ist
460 2202 549 2233 nicht
566 2201 618 2232 ein
638 2202 751 2233 recht—

88 2245 151 2276 lich
177 2245 387 2286 criminelles,
411 2247 554 2277 sonderu
573 2247 672 2277 durch
697 2247 750 2278 die

87 2289 209 2321 Politik
246 2291 311 2321 und
349 2291 406 2322 das
439 2290 654 2332 Hriegsrecht
692 2291 750 2323 be-

87 2335 222 2366 stimmt.

134 2374 200 2411 16.
222 2379 318 2410 1—4.
335 2380 462 2423 pleraq.
485 2381 537 2422 aL,
562 2391 630 2412 was
650 2382 749 2412 nach-

88 2425 147 2456 her
163 2425 212 2456 bis
235 2423 256 2466 ξ
274 2425 293 2455 5
317 2426 347 2456 in
367 2426 439 2456 dem
457 2425 582 2468 Capitel
602 2427 750 2457 erw'zihnt

87 2469 182 2501 wird.
199 2488 245 2493 —-
261 2473 447 2509 mortuum,
467 2481 495 2502 c.
515 2470 567 2511 33,
585 2471 604 2501 4
623 2471 751 2502 scheint

89 2515 198 2546 dieses
216 2514 253 2547 L.
273 2515 379 2547 selbst
395 2516 631 2556 anzunehmen,
657 2516 750 2547 w'ah-

88 2561 169 2591 rend
199 2570 236 2591 er
267 2561 340 2591 hier
371 2561 430 2592 der
462 2561 584 2592 andern
616 2560 749 2601 Angabe

87 2603 180 2645 folgt.
195 2623 240 2628 —
253 2616 326 2637 evm
347 2610 422 2646 etc.,
441 2616 478 2637 er
495 2606 585 2637 w'are
602 2606 673 2637 also
691 2617 750 2637 un-

88 2654 142 2681 ter
167 2650 229 2681 den
254 2650 437 2682 Senatoreu
468 2661 638 2692 gewesen,
669 2652 750 2683 nach

823 1886 852 1926 9,
873 1886 907 1916 7:
929 1888 1096 1927 tamquam
1120 1887 1152 1916 sz'
1164 1903 1204 1907 -—
1219 1886 1303 1915 mihi
1317 1887 1490 1926 quiritanti

822 1932 1078 1969 intervenisses;
1114 1929 1172 1969 39,
1206 1929 1260 1969 10,
1294 1929 1326 1960 7;
1356 1941 1398 1961 ne
1420 1940 1488 1961 vox

824 1977 1017 2016 quiritantis
1040 1993 1084 1997 —
1108 1974 1269 2006 ecl-audiri
1288 1977 1414 2017 possi&
1446 1975 1487 2006 ib.

826 2019 854 2060 8,
871 2020 955 2051 8.-
968 2022 1047 2063 pari
1061 2020 1106 2051 ad
1117 2030 1159 2060 v.,
1175 2020 1204 2050 in
1221 2020 1406 2060 Beziehung
1423 2018 1488 2058 auf,

825 2075 852 2096 s.
880 2065 909 2105 9,
938 2066 987 2107 16,
1015 2065 1065 2096 14.
1093 2083 1138 2087 —
1165 2064 1252 2096 adde
1274 2066 1375 2106 virga,
1406 2065 1487 2096 noch

824 2110 927 2141 Hiebe
945 2111 1100 2149 zulegen,
1127 2111 1166 2141 da
1190 2111 1248 2140 der
1272 2110 1370 2141 lictor
1387 2110 1487 2140 sehon

823 2156 875 2186 ihu
901 2167 940 2187 zu
965 2156 1103 2196 staupen
1128 2155 1299 2195 begonnen
1325 2155 1395 2193 hat,
1425 2154 1487 2185 wie

822 2201 947 2233 addere
961 2200 1120 2242 gradum.
1134 2218 1178 2222 —
1191 2202 1222 2231 in
1239 2211 1307 2231 sen.
1323 2210 1348 2230 c.
1364 2199 1407 2230 ist
1420 2199 1487 2230 wol

821 2246 1013 2278 absicbtlich
1033 2245 1238 2285 wiederholt,
1257 2249 1350 2275 sonst
1367 2244 1486 2275 ko'nute

821 2301 893 2322 man
910 2293 942 2323 z'n
962 2302 999 2322 eo
1017 2291 1221 2321 vermutlien.
1237 2307 1280 2311 —-
1293 2291 1325 2319 εἰ
1340 2290 1371 2319 ee'
1385 2299 1422 2329 zu,
1435 2288 1487 2319 die

821 2336 932 2367 blosse
947 2333 1297 2375 Hb'flichkeitsformel,
1312 2333 1343 2371 2,
1358 2332 1411 2371 56,
1429 2333 1486 2372 123

823 2381 852 2422 6,
877 2382 930 2420 25,
957 2381 987 2419 2,
1011 2381 1092 2411 wird
1120 2380 1208 2410 nicht
1226 2380 1308 2409 ohne
1325 2378 1433 2409 Ironie
1454 2378 1486 2408 in

823 2426 924 2457 ihrem
955 2427 1065 2457 vollen
1096 2425 1194 2455 Siune
1222 2433 1430 2464 genommen,
1459 2432 1486 2454 s.

821 2471 949 2503 Becker
966 2471 995 2509 2,
1016 2471 1045 2508 2,
1064 2470 1145 2507 4443
1172 2469 1281 2508 Lange
1303 2468 1330 2506 1,
1345 2467 1420 2498 526.
1442 2485 1486 2490 -—-

821 2519 990 2548 aestimat.
1010 2516 1061 2546 die
1077 2515 1297 2552 Bestimmung
1312 2514 1368 2544 des
1384 2511 1486 2543 VVer-

820 2562 912 2600 tbes,
942 2562 1000 2592 der
1025 2559 1244 2598 Wichtigkeit
1271 2559 1330 2589 der
1354 2557 1486 2596 Gegen—

823 2607 956 2644 st'zinde,
986 2605 1052 2645 vgl.
1077 2604 1108 2644 4,
1135 2604 1187 2641 20,
1214 2602 1249 2634 8:
1280 2604 1486 2634 eoet'stz‘malio

822 2652 1009 2683 communis
1027 2652 1088 2681 est.
