1784 2967
617 240 740 273 LIBER
768 239 881 272 XXX.
929 239 1023 271 CAP.
1054 239 1176 272 11.12.

1482 256 1508 273 a..
1524 255 1552 273 u.
1566 247 1616 274 551
1625 267 1632 275 .

224 245 303 285 346

176 353 195 384 5
223 347 283 386 1115
310 343 601 387 centurionibus
631 341 833 390 didicerat,
871 341 1078 383 distribuit.
1141 342 1309 381 exercitu
1339 341 1441 380 haud
1470 342 1634 388 minore,

223 416 336 456 quam
360 412 474 463 quern
496 399 605 450 prius
627 399 826 447 habuerat,
849 403 1019 438 ceterum
1043 399 1150 439 omni
1170 411 1295 450 prope
1314 410 1416 437 novo
1439 403 1553 449 atque
1572 398 1632 437 in-

175 464 195 496 6
228 459 405 504 condito,
443 457 498 495 ire
532 455 579 494 ad
605 455 732 494 hostis
760 455 897 507 pergit.
947 462 985 496 et
1012 456 1147 496 castris
1176 456 1216 494 in
1242 455 1466 506 propinquo
1493 454 1634 506 positis

224 516 350 568 primo
373 513 483 565 pauci
504 513 651 563 equites
674 524 719 550 ex
739 517 822 551 tuto
845 513 1089 563 speculantes
1111 512 1156 552 ab
1185 511 1418 550 stationibus
1439 511 1634 573 progredi,

225 572 313 610 dein
334 570 467 609 iaculis
489 568 675 608 summoti
702 580 901 608 recurrere
929 570 977 609 ad
999 582 1113 617 suos,
1134 569 1223 607 inde
1244 567 1493 607 excursiones
1513 567 1554 606 in
1574 566 1633 605 vi-

227 640 310 667 cem
345 626 446 674 fieri,
475 631 513 665 et
539 637 627 664 cum
654 625 790 676 pulsos
818 625 1031 676 indignatio
1059 600 1300 672 ac'cenderet,
1328 624 1458 675 plures
1488 623 1639 671 subire3

178 692 195 722 7
225 684 330 735 quod
351 682 642 722 inritamentum
665 681 920 721 certaminum
943 682 1183 732 equestrium
1204 685 1276 730 est,
1294 693 1381 720 cum
1399 684 1465 719 aut
1479 680 1638 719 vincen-

177 746 196 779 8
223 740 327 779 tibus
359 752 448 791 spes
478 743 544 778 aut
563 737 686 788 pulsis
708 738 765 776 ira
787 738 968 789 adgregat
990 751 1097 777 suos.
1140 739 1191 777 ita
1212 737 1294 776 tum
1317 749 1338 776 a
1358 736 1492 787 paucis
1521 748 1638 787 proe-

225 797 276 835 lio
310 808 473 834 accenso
513 806 670 833 omnem
704 794 900 845 utrimque
936 799 1139 845 postremo
1174 794 1388 845 equitatum
1416 792 1639 832 certaminis

225 852 395 892 studium
417 850 590 891 effundit.
628 863 671 890 ac
693 850 784 889 dum
808 850 1002 889 sincerum
1025 855 1204 902 equestre
1223 849 1411 901 proelium
1430 854 1521 897 erat,
1538 848 1638 888 mul-

224 909 350 949 titudo
370 907 707 953 Masaesuliorum,
728 907 896 958 ingentia
918 907 1070 957 agmina
1092 907 1266 958 Syphace
1287 906 1497 953 emittente,
1519 905 1639 944 susti-

179 980 199 1012 9
229 965 312 1005 neri
333 966 391 1004 vix
409 969 580 1016 poterat3
602 963 752 1010 deinde,
778 968 818 1002 ut
833 963 950 1014 pedes
968 964 1170 1002 Romanus
1187 962 1388 1013 repentino
1406 975 1475 1014 per
1490 968 1639 1002 turmas

227 1034 316 1061 suas
347 1021 446 1060 viam
470 1021 595 1060 dantis
633 1021 853 1060 intercursu
880 1019 1056 1059 stabilem
1084 1019 1203 1058 aciem
1228 1019 1335 1066 feeit,
1360 1018 1643 1069 absterruitque

226 1079 346 1118 effuse
366 1079 610 1117 invehentem
633 1089 719 1116 sese
739 1077 907 1123 hostem,
930 1077 1058 1127 primo
1075 1075 1229 1115 barbari
1246 1075 1401 1126 segnius
1418 1076 1643 1126 permittere

161 1149 202 1182 10
227 1147 370 1186 equos,
400 1136 487 1174 dein
520 1140 623 1173 stare
653 1147 696 1173 ac
724 1145 892 1184 propere
913 1132 1061 1172 turbari
1081 1144 1183 1171 novo
1207 1144 1345 1183 genere
1366 1144 1537 1182 pugnae,
1567 1145 1641 1183 po-

227 1197 372 1231 stremo
398 1203 479 1230 non
507 1191 625 1242 pediti
656 1191 784 1230 solum
814 1190 967 1237 cedere,
997 1190 1063 1229 sed
1086 1201 1135 1227 ne
1157 1188 1323 1240 equitem
1345 1188 1499 1239 quidem
1521 1189 1643 1228 susti-

227 1260 320 1287 nere
357 1248 496 1299 peditis
532 1247 725 1298 praesidio
760 1246 979 1285 audentem.
1021 1246 1097 1284 iam
1127 1244 1237 1295 signa
1265 1256 1418 1295 quoque
1444 1245 1643 1295 legionum

228 1304 603 1357 adpropinquabant.
635 1308 718 1342 tum
742 1315 832 1341 vero
852 1302 1067 1342 Masaesulii
1084 1313 1165 1340 non
1186 1301 1304 1339 modo
1325 1301 1495 1352 primum
1515 1302 1641 1353 impe-

226 1368 309 1401 tum
342 1362 409 1400 sed
437 1372 486 1398 ne
507 1365 761 1411 conspectum
784 1358 939 1409 quidem
962 1359 1166 1410 signorum
1188 1362 1301 1408 atque
1322 1370 1521 1396 armorum
1547 1358 1641 1397 tule-

226 1423 334 1458 runt:
362 1422 513 1456 tantum
537 1429 605 1455 seu
626 1415 814 1456 memoria
835 1414 1009 1466 priorum
1033 1414 1198 1454 cladium
1220 1426 1290 1453 seu
1310 1426 1495 1465 praesens
1516 1419 1643 1454 terror

228 1475 354 1513 valuit.

344 1529 399 1568 Ibi
422 1529 593 1580 Syphax,
623 1529 716 1567 dum
749 1528 944 1578 obequitat
970 1528 1145 1566 hostium
1167 1527 1328 1572 turmis,
1358 1527 1389 1565 si
1411 1527 1581 1577 pudore,
1611 1527 1644 1565 si

229 1587 400 1638 periculo
434 1598 505 1624 suo
545 1586 675 1635 fugam
715 1584 852 1623 sistere
883 1588 1037 1635 posset,
1072 1595 1171 1634 equo
1201 1583 1364 1632 graviter
1393 1582 1468 1621 icto
1497 1583 1643 1621 effusus

179 1654 200 1686 2
230 1642 462 1695 opprimitur
489 1642 734 1693 capiturque,
763 1645 800 1679 et
827 1641 953 1685 vivus,
981 1640 1122 1678 laetum
1151 1644 1239 1676 ante
1268 1638 1395 1678 omnis
1416 1638 1644 1678 Masinissae

227 1699 472 1751 praebiturus
496 1698 774 1749 spectaculum,
796 1696 843 1735 ad
865 1696 1036 1735 Laelium
1059 1695 1304 1746 pertrahitur.

158 1262 195 1293 11

151 1536 204 1575 12

274 1811 344 1842 6——
353 1808 383 1841 8.
402 1821 436 1841 m
448 1812 613 1854 propimzq,
634 1821 664 1841 n.
680 1810 740 1841 der
754 1808 897 1847 Feinde,

230 1857 311 1887 nach
334 1856 417 1897 App.
442 1865 483 1886 an
511 1856 616 1887 eiuem
635 1855 774 1896 Flusse,
805 1853 897 1885 viell.

230 1902 301 1933 dem
319 1901 495 1942 Ampsaga.
513 1919 558 1923 ——
574 1912 620 1932 esc
638 1903 720 1941 tuto,
743 1900 772 1940 1,
793 1898 845 1938 13,
864 1898 898 1937 13

230 1946 430 1990 speculant.‚
453 1945 505 1987 2l,
524 1945 554 1985 6,
575 1945 606 1977 2.
624 1964 668 1968 —
685 1945 759 1977 dein
781 1944 900 1984 geho'rt

231 1992 312 2022 noch
333 2002 405 2022 zum
418 1996 531 2023 ersten
547 1990 682 2029 Gliede3
700 1993 812 2034 primo
827 1994 900 2020 ent-

230 2037 357 2078 spricht
385 2040 456 2067 erst
486 2035 575 2068 inde.
604 2054 648 2058 —
677 2036 899 2067 eoeeursz'ones

229 2092 293 2113 von
312 2080 427 2112 Reiter
450 2081 481 2111 in
505 2083 681 2121 grosserer
698 2080 798 2119 Zahl,
824 2090 850 2110 s.
870 2090 897 2110 c.

229 2127 260 2166 8,
277 2125 309 2157 4.
326 2145 369 2148 —
387 2136 462 2157 cum
479 2145 523 2148 —
540 2126 751 2166 accenderet,
775 2124 899 2156 danials

229 2171 444 2202 wiederholte
464 2171 657 2210 Handlung;
683 2180 758 2202 rum
775 2187 818 2191 —
838 2168 899 2200 ad-

225 2218 363 2257 gregat.
392 2216 609 2255 allgemeiner
641 2214 819 2252 Gedanke3
853 2214 901 2245 in-

229 2262 316 2300 dein,
348 2261 489 2292 dadurch
520 2262 607 2291 dass.
644 2279 680 2282 —
719 2261 897 2299 sincerum,

229 2307 311 2336 ohne
335 2305 568 2346 Einmischung
597 2306 654 2336 des
678 2304 898 2336 Fussvolkcs.

228 2370 271 2374 --
288 2352 455 2382 sustineri
472 2362 499 2382 r.
517 2362 562 2394 μ,
581 2361 607 2382 s.
627 2350 657 2390 3,
677 2351 707 2390 5,
727 2351 757 2381 S.

275 2398 344 2417 ⁰—
357 2395 406 2427 ll.
423 2396 536 2439 pedes,
553 2397 631 2426 nach
647 2397 718 2426 dem
733 2395 827 2434 Foig.
844 2395 896 2426 die

232 2440 378 2479 Veliten,
404 2451 429 2472 5.
455 2441 475 2482 ξ
504 2441 554 2471 11.
571 2459 615 2463 ——
632 2442 843 2477 intercursu,
869 2450 895 2470 s.

232 2484 261 2523 2,
286 2485 339 2521 29,
369 2486 418 2517 11.
435 2505 479 2508 —
494 2497 556 2529 per
583 2489 730 2521 turmas,
757 2496 783 2516 s.
800 2484 896 2525 2112,

231 2532 266 2563 ὃς
294 2529 343 2570 23,
376 2530 423 2568 14,
450 2531 487 2567 23
518 2530 568 2561 13.
588 2530 755 2562 -—slal12‘l.
773 2532 897 2571 aase-

230 2576 282 2605 vc'l'.
301 2576 357 2605 (las
372 2575 504 2607 Τπ-11111311
528 2587 599 2606 zum
616 2576 734 2607 Stchen
750 2576 896 2613 brachte,

232 2619 270 2648 ‹la
301 2620 348 2649 sic
378 2621 483 2651 selbst
512 2621 601 2652 nicht
625 2622 749 2652 wieder
773 2620 896 2651 zuriick

234 2663 323 2692 wirh.
354 2682 395 2686 —
425 2667 566 2706 segnius
592 2677 714 2708 parm„
749 2667 897 2706 weniger

973 1806 1076 1847 heftig
1090 1812 1344 1849 vorsprengten.
1358 1817 1556 1850 —propere
1567 1809 1642 1839 tur-

974 1855 1049 1885 bari
1065 1854 1109 1883 ist
1123 1852 1397 1883 wahrscheinlich
1413 1852 1501 1883 nicht
1515 1851 1643 1892 richtig,

974 1898 1064 1930 viell.
1080 1897 1537 1941 istnurpertubarz'zulesen,
1552 1898 1644 1936 oder,

974 1944 1013 1975 da
1037 1943 1090 1974 die
1109 1943 1184 1974 Hss.
1210 1944 1340 1975 turbati
1360 1943 1481 1974 haben:
1507 1945 1643 1985 torpere

975 1990 1111 2027 turbate}
1130 1988 1197 2028 vgl.
1219 1988 1268 2029 10,
1286 1987 1340 2027 29,
1359 1988 1394 2019 2:
1414 1990 1548 2030 torpere
1565 1988 1641 2030 qui-

973 2034 1052 2065 dam
1075 2036 1107 2064 et
1129 2043 1189 2064 nec·
1211 2044 1347 2076 pugnae
1370 2035 1566 2064 meminisse
1583 2042 1642 2063 nec

961 2079 1096 2120 fugae:
1131 2088 1192 2108 zur
1225 2078 1389 2109 situation
1428 2077 1495 2116 vgl.
1529 2076 1583 2117 35,
1611 2078 1641 2117 5,

975 2123 1032 2154 11:
1051 2123 1131 2154 clam
1150 2124 1304 2155 turbatos
1322 2125 1355 2154 et
1372 2121 1579 2165 trepidantes
1592 2123 1641 2154 vi-

973 2167 1106 2206 derent,
1138 2168 1261 2198 danach
1288 2168 1417 2198 scheint
1434 2165 1524 2198 Koch
1549 2177 1590 2198 an
1608 2178 1640 2199 u.

973 2212 1021 2245 St.
1043 2213 1211 2255 trepidare
1230 2214 1360 2244 turbati
1375 2223 1415 2243 zu
1433 2213 1640 2244 vermutheu.

971 2276 1016 2281 -——
1027 2258 1218 2297 audentem,
1234 2259 1286 2288 die
1301 2258 1385 2288 11111111
1396 2257 1641 2298 geinachtjetzt

970 2314 1033 2334 von
1054 2303 1178 2335 Neuein
1196 2301 1379 2343 angreifen,
1398 2313 1422 2334 s.
1438 2303 1491 2341 21,
1506 2302 1537 2340 4,
1551 2303 1582 2333 4.
1597 2321 1636 2324 —

971 2351 1071 2389 sfgua
1094 2349 1176 2390 lega,
1202 2358 1228 2379 s.
1253 2359 1281 2379 c.
1306 2348 1336 2387 S,
1361 2348 1399 2385 63
1427 2348 1481 2387 23,
1510 2347 1560 2386 14,
1586 2347 1638 2378 ⁴10:

970 2394 1022 2424 die
1042 2393 1346 2433 Leg.unierii1ren
1366 2392 1510 2424 Fulmen.

1019 2433 1087 2471 ἷέο
1117 2438 1226 2469 1-2.
1253 2439 1411 2479 οὺοηηίῄ,
1442 2448 1469 2468 s.
1501 2438 1554 2476 25,
1584 2437 1639 2478 34,

970 2484 1007 2516 4:
1036 2484 1088 2523 27,
1108 2483 1160 2521 32,
1183 2484 1211 2514 1.
1230 2502 1271 2505 —
1288 2483 1433 2526 pudore,
1452 2484 1553 2514 durch
1573 2482 1639 2513 Er-

971 2529 1131 2567 weckung
1155 2529 1212 2559 des
1237 2528 1454 2568 Ehrgel'iihls,
1485 2538 1512 2559 5.
1539 2539 1565 2559 c.
1590 2527 1639 2569 10,

971 2574 999 2605 S.
1017 2592 1062 2596 —
1079 2576 1229 2616 effusus,
1251 2583 1277 2604 s,
1301 2574 1349 2614 lo,
1371 2574 1420 2614 11,
1442 2573 1469 2604 1.
1487 2591 1532 2595 —
1549 2574 1639 2616 capi-

971 2622 1075 2660 ἰιινφ,
1101 2620 1180 2650 nach
1204 2619 1340 2659 Appian.
1371 2629 1434 2648 von
1462 2618 1639 2650 Masinissa

970 2664 1086 2696 selbst.
1107 2682 1148 2687 —
1172 2667 1205 2695 et
1231 2667 1326 2695 virus
1354 2663 1470 2703 gehiirt
1494 2673 1535 2695 zu
1555 2673 1638 2707 pcr-

1667 856 1708 889 10

1669 1143 1708 1175 15

1671 1417 1718 1456 26
