1784 2967
123 230 149 249 a.
167 223 218 249 Ch.
235 224 295 249 203.
542 214 668 247 LIBER
692 214 808 247 XXX.
858 214 950 247 CAP.
979 214 1033 246 18.
1062 214 1113 247 19.

1451 216 1532 256 363

125 317 245 356 aciem
266 317 459 356 turbantis
483 317 681 356 invadunt.
722 317 761 355 in
782 328 880 367 quos
903 329 991 356 cum
1016 317 1092 368 pila
1120 316 1318 355 confertos
1347 316 1537 355 coniecis-
1568 322 1607 355 11

127 379 224 420 sent,
245 373 350 412 nullo
372 374 496 413 ferme
515 374 660 412 frustra
689 373 834 411 emisso
865 373 993 411 omnis
1024 378 1128 412 retro
1157 373 1195 411 in
1223 373 1343 412 aciem
1372 385 1535 412 suorum

125 435 364 478 averterunt,
381 435 564 480 quattuor
580 429 724 479 gravati
739 429 959 468 vulneribus
978 435 1226 469 conruerunt.
1263 434 1346 468 tum
1364 429 1536 479 primum
1568 433 1608 465 12

126 492 322 525 commota
344 487 515 525 hostium
537 486 649 531 acies,
671 485 786 524 simul
809 485 990 524 omnibus
1013 485 1220 536 peditibus,
1243 490 1287 524 ut
1307 497 1463 524 aversos
1481 486 1537 524 vi-

76 550 96 582 5
125 542 214 580 dere
240 543 488 593 elephantos,
523 542 571 581 ad
604 542 822 592 augendum
859 554 1040 592 pavorem
1076 554 1120 581 ac
1152 542 1360 581 tumultum
1391 541 1536 580 effusis.

125 599 193 636 sed
216 599 340 637 (101160
362 599 466 637 stetit
489 603 577 637 ante
593 598 700 649 signa
717 598 841 648 Mago,
859 599 1021 648 gradum
1039 598 1183 636 sensim
1203 597 1414 636 referentes
1432 598 1536 636 ordi-

123 666 195 692 nes
224 659 262 693 et
287 660 464 693 tenorem
493 666 644 705 pugnae
672 654 892 701 servabant,
932 660 1141 705 postquam
1174 654 1318 692 femine
1346 654 1533 693 transfixo
1568 658 1608 690 13

123 711 322 749 cadentem
345 710 566 761 auferrique
587 724 633 749 ex
654 711 802 761 proelio
825 723 948 761 prope
969 723 1203 760 exsanguem
1225 710 1364 758 videre,
1389 716 1536 748 extem-

121 767 186 816 plo
213 768 254 806 in
283 767 415 817 fugam
445 779 581 806 omnes
612 767 723 805 versi.
773 767 820 805 ad
855 767 1023 817 quinque
1050 767 1166 805 millia
1199 766 1373 805 hostium
1402 779 1447 804 eo
1476 766 1537 804 die

58 829 98 861 10
125 835 247 871 caesa,
281 828 317 862 et
338 823 447 874 signa
475 823 651 862 militaria
680 823 756 862 duo
785 828 823 861 et
841 836 890 861 xx
922 828 1044 873 capta.
1092 835 1163 861 nee
1190 822 1376 862 Romanis
1405 823 1536 861 incru-
1569 829 1610 861 14

124 884 209 917 enta
231 879 390 919 victoria
419 880 509 918 fuit:
540 893 596 918 111111
627 885 663 917 61
692 892 761 917 ccc
790 880 836 918 de
863 879 1031 918 exercitu
1060 879 1266 930 praetoris,
1297 891 1387 929 pars
1415 878 1537 917 multo

121 935 289 974 maxima
320 949 365 974 ex
392 936 542 986 legione
570 935 801 974 duodecima
829 936 982 983 amissi;
1020 935 1109 973 inde
1138 940 1175 973 et
1199 934 1344 973 tribuni
1372 934 1536 973 militum

122 991 211 1036 duo,
233 992 281 1030 M.
304 991 519 1030 Cosconius
543 998 580 1030 et
599 992 647 1030 M.
672 991 860 1038 Maevius,
888 992 1021 1039 tertiae
1044 991 1214 1030 decimae
1236 1003 1392 1041 quoque
1411 991 1536 1041 legio—
1569 999 1609 1030 15

120 1047 193 1092 nis,
215 1060 311 1097 quae
333 1053 535 1099 postremo
558 1048 704 1098 proelio
727 1048 911 1096 adfuerat,
936 1048 974 1086 C.
997 1047 1154 1086 Helvius
1174 1047 1354 1085 tribunus
1371 1047 1537 1085 militum

56 1111 96 1142 15
122 1103 161 1141 in
183 1104 417 1143 restituenda
440 1116 569 1154 pugna
591 1103 738 1147 cecidit,
761 1110 799 1141 et
819 1104 895 1142 duo
918 1110 955 1142 et
974 1117 1023 1142 xx
1044 1104 1165 1142 ferme
1187 1103 1334 1153 equites
1356 1103 1538 1141 inlustres

122 1159 253 1198 obtriti
281 1160 327 1199 ab
364 1160 578 1211 elephantis
615 1172 701 1198 cum
737 1159 1029 1198 centurionibus
1063 1159 1209 1209 aliquot
1244 1160 1457 1209 perierunt.
1503 1164 1540 1197 et

121 1215 277 1266 longius
301 1222 496 1255 certamen
517 1217 666 1262 fuisset,
688 1215 727 1253 ni
744 1215 898 1254 vulnere
919 1215 1027 1254 ducis
1047 1227 1232 1254 concessa
1248 1214 1405 1253 victoria
1424 1220 1536 1253 esset.

232 1273 342 1323 Mago
364 1273 565 1323 proximae
587 1272 739 1310 silentio
764 1273 890 1310 noctis
912 1272 1123 1322 profectus.
1147 1276 1334 1321 quantum
1357 1270 1435 1321 pati
1452 1271 1531 1310 viae
1563 1272 1615 1311 19

119 1340 190 1378 per
211 1329 349 1367 vulnus
372 1334 525 1379 poterat
546 1328 748 1367 itineribus
771 1329 933 1366 extentis
957 1328 1003 1366 ad
1025 1340 1131 1366 mare
1152 1328 1191 1365 in
1212 1327 1372 1377 Ligures
1394 1327 1537 1377 Ingau—

53 1392 96 1424 20
121 1396 194 1422 nos
216 1385 403 1435 pervenit.
446 1385 496 1423 ibi
519 1397 608 1423 eum
630 1384 740 1434 legati
763 1384 808 1423 ab
827 1384 1054 1434 Carthagine
1075 1384 1209 1434 paucis
1232 1388 1320 1422 ante
1342 1383 1475 1421 diebus
1498 1383 1536 1421 111
1566 1391 1586 1423 2

123 1440 252 1479 sinum
276 1441 461 1479 Gallicum
484 1440 657 1491 adpulsis
680 1440 840 1478 navibus
865 1440 1059 1485 adierunt,
1086 1439 1260 1478 iubentes
1283 1439 1412 1489 primo
1437 1451 1535 1489 quo—

119 1509 192 1547 que
214 1502 391 1547 tempore
411 1498 451 1535 in
472 1497 638 1535 Africam
660 1496 854 1535 traiceret:
878 1496 914 1534 id
937 1501 973 1534 et
992 1496 1152 1534 fratrem
1176 1495 1257 1533 eius
1280 1495 1535 1533 Hannibalem
1566 1502 1585 1533 3

118 1577 173 1581 —
194 1565 284 1591 nam
306 1554 352 1592 ad
376 1565 464 1592 eum
487 1565 642 1603 quoque
663 1552 741 1590 isse
756 1552 902 1602 legatos
921 1553 1055 1590 eadem
1073 1551 1240 1590 iubentis
1258 1573 1312 1578 —
1329 1551 1536 1590 facturum.

168 1686 310 1718 11—13.
336 1687 528 1727 confertos,
547 1687 598 1726 ist,
617 1696 670 1716 um
689 1696 724 1716 es
742 1685 792 1716 als

121 1731 234 1763 Grund
274 1732 332 1762 des
369 1731 464 1771 Folg.
502 1741 543 1762 zu
581 1731 791 1769 bezeichnen,

121 1777 222 1808 durch
241 1777 293 1807 die
312 1775 492 1815 Trennung
511 1786 573 1806 von
593 1786 675 1817 quos
692 1775 794 1814 geho-

119 1822 194 1853 ben.
219 1839 264 1844 ——
283 1823 438 1863 grat-ati,
463 1821 636 1859 belastigt,
661 1820 792 1850 nieder-

121 1866 296 1907 gedriickt,
314 1871 408 1897 sonst
425 1867 455 1897 in
475 1866 584 1896 dieser
599 1865 793 1904 Bedeutung

120 1912 213 1942 mehr
230 1912 438 1942 dichterisch.
454 1930 492 1933 ——
508 1912 622 1953 prim„
641 1910 698 1940 das
720 1910 791 1940 hds.

119 1958 235 1999 prima
258 1956 472 1987 bezeichnete
488 1966 550 1986 nur
563 1956 620 1986 das
641 1954 791 1985 Vox-der—

121 2001 260 2039 treffen;
280 2001 436 2040 iibrigens
457 2001 563 2031 sollen
586 2000 637 2030 die
655 1998 790 2039 Gallier,

121 2046 248 2077 welche
261 2046 320 2077 der
336 2046 386 2077 13.
402 2046 526 2086 Legion
546 2049 711 2085 entgegen
723 2049 793 2075 ste-

123 2092 201 2130 hen,
242 2091 366 2122 bereits
403 2091 601 2131 geschlagen
636 2090 716 2120 sein.
749 2107 792 2112 „-

124 2138 278 2167 omnibus
289 2136 378 2178 ped„
393 2137 452 2167 der
465 2135 662 2168 Nachdruek
678 2135 792 2165 wiirde

123 2179 342 2212 aufomm'bus
352 2182 470 2221 liegen,
479 2181 601 2212 vox-her
610 2190 720 2211 waren
732 2190 793 2210 nur

124 2225 175 2256 die
194 2225 351 2256 Hastaten
378 2227 436 2256 der
464 2225 514 2257 13.
532 2225 611 2264 Leg.
631 2225 793 2263 e1·w'al1nt,

122 2271 203 2300 doch
221 2269 685 2302 15111611.11111Α1501161511111.
701 2269 793 2300 Mad-

123 2316 179 2355 vig
194 2317 359 2357 equilibus
374 2326 414 2346 zu
430 2316 532 2346 lesen.
549 2334 586 2337 —-
605 2317 710 2354 stetit,
725 2315 793 2345 sich

124 2359 276 2391 aufrecht
295 2361 386 2391 111611.
406 2379 449 2382 —-
467 2364 571 2392 tenor.
585 2371 617 2402 p.
632 2370 730 2401 serta,
745 2360 792 2390 sie

124 2404 292 2447 kiimpften
313 2406 598 2436 ununterbroclien
618 2403 699 2443 fort,
725 2405 791 2444 vgl.

126 2450 177 2492 25,
196 2452 247 2488 15,
262 2450 293 2481 6.
308 2470 345 2472 -
363 2453 553 2493 postquam,
569 2450 793 2492 asyndetiscm

126 2496 165 2526 da
197 2496 296 2526 sehon
327 2496 387 2526 der
410 2496 606 2535 vorhergeh.
633 2495 711 2525 Satz
735 2495 794 2525 mit

126 2540 187 2571 sed
210 2541 353 2580 beginnt.
378 2542 569 2582 —semine
599 2540 700 2570 findet
724 2540 793 2570 sich

126 2586 207 2616 eben
227 2586 331 2616 sowol
349 2587 557 2627 alssemore,
576 2596 601 2616 s.
619 2584 719 2624 Verg.
742 2585 792 2624 10,

127 2630 207 2662 788:
234 2633 336 2674 eripit
357 2632 544 2673 afemine,
569 2630 607 2661 Z.
633 2629 655 2671 ξ
678 2630 731 2661 88.
748 2646 793 2652 —

865 1686 1003 1726 auferri
1024 1673 1069 1716 ea:⁴
1090 1686 1153 1715 wie
1179 1685 1214 1725 4,
1241 1684 1299 1724 33,
1326 1684 1362 1723 83
1388 1684 1537 1724 hiiufiger

865 1732 924 1762 mit
940 1741 971 1770 α,
991 1730 1097 1761 5611611
1116 1730 1167 1769 de,
1187 1730 1217 1767 5,
1235 1729 1289 1767 49,
1311 1730 1337 1759 1.

915 1774 1068 1805 14—15.
1095 1774 1134 1805 cle
1151 1785 1205 1805 eoe.
1223 1791 1269 1796 ·—
1286 1784 1330 1805 θαι·
1346 1773 1409 1815 leg.
1428 1783 1480 1804 um
1494 1784 1536 1804 zu

865 1819 1043 1850 wechseln.
1059 1818 1195 1850 ——1'mle
1207 1833 1251 1844 =
1265 1829 1309 1849 ex
1327 1829 1376 1850 ea.
1390 1836 1434 1840 —
1446 1820 1538 1860 equi-

866 1867 916 1896 tes
943 1864 1075 1901 inlust„
1100 1874 1135 1894 50
1164 1864 1297 1894 hiessen
1327 1864 1378 1895 die
1407 1865 1537 1904 equites

865 1920 945 1951 equo
978 1908 1109 1951 publico
1143 1908 1339 1939 schwerlich
1373 1909 1471 1939 sehon
1504 1908 1536 1939 in

866 1955 924 1985 der
942 1953 1034 1993 Zeit,
1057 1964 1123 1984 von
1142 1954 1201 1984 der
1218 1952 1254 1983 L.
1273 1953 1413 1994 spricbt,
1439 1963 1465 1984 s.
1483 1953 1536 1993 29,

867 1999 925 2038 34,
947 1999 1004 2037 173
1033 1998 1160 2029 Becker
1177 1998 1207 2036 2,
1228 1997 1255 2039 1,
1273 1998 1356 2036 2693
1377 1997 1488 2038 Lange
1505 1997 1536 2038 2,

914 2082 981 2120 19.
1011 2087 1120 2119 1-3.
1147 2090 1309 2129 quantum
1333 2090 1479 2119 eoetent.:
1501 2098 1538 2119 er

865 2134 993 2165 machte
1027 2133 1178 2164 ziemlich
1210 2134 1310 2164 weite
1345 2132 1537 2174 Tagreisen,

861 2179 982 2219 jedocli
1013 2188 1074 2208 nur
1104 2188 1139 2209 so
1170 2178 1266 2217 weit,
1300 2178 1350 2208 als
1380 2187 1415 2208 es
1446 2178 1537 2208 seine

867 2223 999 2255 &Vunde
1029 2227 1232 2262 gestattete3
1255 2222 1321 2261 vgl.
1353 2222 1452 2262 Verg.
1486 2221 1537 2261 12,

865 2269 946 2300 909:
972 2268 1154 2300 eoetemlere
1176 2277 1310 2306 cursus.
1333 2286 1376 2290 -ω
1397 2269 1484 2310 pati,
1509 2277 1536 2298 s.

867 2314 925 2353 29,
950 2313 1008 2352 32,
1032 2313 1081 2343 12.
1098 2330 1142 2334 —
1160 2312 1325 2353 Ligures,
1344 2312 1404 2352 28,
1421 2312 1476 2343 46.
1493 2329 1537 2334 —

865 2361 929 2391 siu.
948 2358 1040 2398 Gall„
1054 2358 1112 2388 der
1126 2357 1323 2389 Meerbusen
1338 2368 1402 2388 von
1413 2357 1537 2389 Genua.

865 2423 910 2427 —
924 2405 1093 2441 traiceret,
1112 2413 1137 2434 s.
1155 2402 1207 2442 28,
1228 2401 1280 2440 36,
1304 2402 1338 2432 1;
1358 2402 1410 2442 32,
1433 2402 1483 2441 16,
1498 2401 1536 2440 93

865 2449 919 2489 44,
940 2449 968 2489 2,
986 2449 1021 2479 5:
1040 2458 1115 2479 eum
1132 2449 1385 2488 emponereutin
1399 2446 1537 2478 consilio

865 2495 1043 2531 iussissem
1062 2492 1120 2533 42,
1145 2493 1202 2531 39,
1228 2491 1262 2523 6:
1281 2492 1386 2533 legati
1399 2492 1449 2524 rel
1463 2502 1537 2523 cum

868 2540 978 2570 tribus
1000 2540 1111 2570 venire
1127 2538 1263 2569 iubebat
1280 2538 1330 2568 vel
1343 2555 1387 2559 —
1406 2537 1538 2569 obsides

867 2584 975 2615 daret.
999 2602 1043 2606 —
1066 2583 1196 2624 eadem,
1221 2582 1295 2612 weil
1320 2583 1378 2613 der
1397 2580 1538 2622 Auftrag

867 2628 1039 2660 Mchreres
1058 2628 1214 2667 6111111611,
1239 2627 1390 2667 obgleich
1407 2637 1469 2658 nur
1486 2627 1536 2658 6111
