1784 2967
285 254 362 294 138

716 251 840 285 LIBER
861 252 969 286 XXV.
1004 254 1093 286 CAP.
1116 254 1166 286 13.
1190 254 1239 287 14.

1535 271 1559 290 a..
1576 272 1603 290 u.
1619 265 1680 291 542.

212 366 252 398 10
280 354 486 395 Beneventi
508 355 660 395 moenia
682 360 740 396 est
759 356 971 408 ingressus.
1008 369 1051 395 ex
1069 356 1290 408 propinquo
1308 358 1510 410 cognoscit
1523 357 1683 398 Hanno-

281 425 367 452 nem
392 424 478 451 cum
502 413 690 452 exereitus
713 418 818 465 parte
841 413 1057 465 profectum
1084 413 1382 463 frumentatum,
1408 428 1477 467 per
1504 419 1684 467 quaesto-

279 482 362 509 rem
381 469 586 520 Campanis
610 471 739 509 datum
761 470 1018 517 frumentum3
1041 470 1116 508 duo
1138 470 1239 509 milia
1261 471 1524 522 plaustrorum
1546 472 1684 511 incon—

280 526 398 565 ditam
425 526 691 578 inermemque
719 526 828 566 aliam
857 526 1010 565 turbam
1045 526 1263 576 advenisse,
1296 540 1365 579 per
1396 529 1602 568 tumultum
1642 542 1685 568 ac

280 582 578 634 trepidationem
616 584 746 623 onmia
783 583 860 634 agi,
895 587 1189 634 castrorumque
1220 585 1386 624 formam
1418 589 1455 624 et
1481 585 1684 624 militarem

213 653 247 684 11
284 640 458 679 ordinem
498 640 667 680 inmixtis
703 638 917 691 agrestibus
953 639 1000 678 iis
1034 641 1199 680 externis
1235 642 1442 681 sublatum.
1495 641 1555 680 his
1594 641 1685 681 satis

283 697 491 748 compertis
529 698 665 737 consul
699 697 883 736 militibus
920 696 1050 743 edicit,
1088 697 1196 748 signa
1238 703 1386 738 tantum
1430 710 1613 750 armaque
1647 698 1686 737 in

282 754 500 806 proximam
528 760 683 793 noctem
718 753 960 805 expedirent:
990 758 1111 793 castra
1132 755 1278 795 Punica
1305 756 1565 807 oppugnanda
1587 767 1686 794 esse.

213 819 251 851 12
283 816 417 863 quarta
444 811 566 861 vigilia
594 811 756 862 profecti
784 809 945 849 sarcinis
972 810 1153 850 omnibus
1180 812 1545 865 impedimentisque
1566 812 1686 851 Bene-

282 869 383 907 venti
404 868 545 907 relictis
567 869 680 919 paulo
702 873 789 907 ante
810 867 932 906 lucem
956 879 1042 906 cum
1065 868 1111 907 ad
1133 874 1256 909 castra
1285 870 1571 921 pervenissent,
1601 874 1686 908 tan—

284 931 365 965 tum
389 924 542 976 pavoris
565 925 791 972 iniecerunt,
814 929 856 964 ut
876 924 907 963 si
929 923 969 962 in
991 924 1104 975 plano
1127 931 1252 966 castra
1275 926 1400 978 posita
1423 931 1564 972 essent,
1585 926 1687 965 haud

215 991 252 1023 13
284 982 398 1022 dubie
425 981 551 1033 primo
580 982 727 1034 impetu
757 981 840 1032 capi
868 981 1076 1033 potuerint.
1118 983 1278 1023 altitudo
1300 983 1372 1022 loci
1395 988 1432 1022 et
1452 982 1690 1022 munimenta

285 1039 554 1086 defenderunt,
591 1052 689 1091 quae
724 1038 825 1078 nulla
862 1051 906 1077 ex
941 1043 1050 1090 parte
1087 1038 1183 1079 adiri
1217 1040 1290 1079 nisi
1325 1040 1443 1079 arduo
1479 1052 1523 1080 ac
1549 1039 1690 1078 difficili

216 1108 257 1140 14
287 1108 451 1136 ascensu
471 1101 664 1147 poterant.
694 1096 776 1135 luce
794 1095 918 1147 prima
936 1095 1126 1147 proelium
1144 1096 1278 1148 ingens
1296 1109 1498 1136 accensum
1519 1101 1587 1136 est.
1620 1108 1691 1135 nee

284 1154 426 1193 vallum
448 1153 566 1192 modo
589 1158 763 1193 tutantur
784 1152 925 1199 Poeni,
949 1152 1016 1191 sed
1037 1158 1080 1192 ut
1101 1154 1241 1203 quibus
1263 1154 1371 1193 locus
1393 1153 1553 1206 aequior
1574 1158 1687 1199 esset,
1742 1178 1748 1186 -

208 1211 258 1250 14
285 1210 490 1249 deturbant
509 1209 666 1249 nitentis
683 1222 753 1262 per
773 1209 888 1249 ardua
907 1209 1052 1248 hostes.
1085 1209 1209 1250 Vincit
1223 1215 1352 1250 tamen
1370 1211 1498 1250 omnia
1516 1209 1690 1262 pertinax

284 1267 421 1314 virtus,
448 1272 485 1306 et
512 1266 656 1319 aliquot
682 1267 796 1306 simul
824 1266 996 1318 partibus
1019 1266 1067 1305 ad
1087 1267 1224 1307 vallum
1248 1281 1291 1307 ac
1310 1268 1439 1307 fossas
1462 1272 1689 1319 perventum

237 1335 256 1366 2
285 1330 355 1371 est,
378 1324 447 1363 sed
469 1336 556 1362 cum
579 1323 710 1363 multis
732 1322 954 1362 volneribus
975 1335 1018 1362 ac
1038 1322 1203 1364 militum
1226 1325 1405 1377 pernicie.
1446 1325 1572 1375 itaque
1595 1336 1689 1362 con·

285 1382 428 1421 vocatis
450 1380 582 1432 legatis
596 1380 839 1432 tribunisque
856 1379 1019 1419 militum
1039 1382 1175 1421 consul
1197 1382 1462 1421 absistendum
1484 1380 1689 1420 temerario

286 1439 439 1491 incepto
469 1438 537 1478 ait:
564 1438 684 1478 tutius
713 1437 784 1477 sibi
814 1436 933 1476 videri
960 1436 1090 1476 reduci
1113 1451 1159 1477 eo
1182 1438 1241 1478 die
1263 1439 1470 1478 exercitum
1491 1438 1689 1477 Beneven-

284 1501 387 1543 tum,
419 1495 505 1534 dein
536 1501 692 1547 postero
722 1501 850 1534 castra
875 1494 1011 1533 castris
1039 1494 1213 1535 hostium
1241 1496 1365 1547 iungi,
1397 1507 1446 1535 ne
1474 1495 1576 1534 exire
1602 1494 1691 1533 inde

237 1562 255 1593 3
285 1553 468 1604 Campani
494 1565 588 1592 neve
608 1553 746 1592 Hanno
768 1551 917 1602 regredi
938 1556 1091 1602 posset,
1121 1553 1158 1592 id
1187 1565 1263 1604 quo
1292 1553 1439 1592 facilius
1462 1551 1690 1599 obtineatur,

283 1610 465 1661 collegam
494 1622 648 1662 quoque
682 1614 719 1649 et
745 1609 954 1649 exercitum
987 1607 1068 1648 eius
1106 1622 1147 1649 se
1174 1609 1386 1649 acciturum
1414 1614 1616 1660 totumque
1645 1620 1689 1647 eo

284 1701 376 1742 nien,
398 1701 524 1732 welche
548 1701 628 1733 nach
646 1700 667 1743 ξ
688 1701 716 1742 1,
733 1700 799 1741 vgl.
819 1710 845 1731 c.
864 1699 898 1741 3,
919 1698 948 1738 3,

284 1747 400 1779 beiden
418 1745 514 1778 Cons.
530 1746 664 1789 obliegt,
681 1746 744 1778 wie
758 1746 839 1777 auch
854 1744 952 1776 Clau-

285 1793 357 1824 dius
375 1792 451 1824 bald
470 1791 597 1833 darauf,
615 1803 641 1824 s.
662 1790 801 1833 c.14,3;
823 1790 874 1831 12,
892 1790 950 1821 da-

284 1838 388 1870 selbst
411 1838 596 1878 erscheint3
622 1848 657 1869 es
680 1838 725 1869 ist
747 1837 848 1868 daher
865 1835 953 1867 nicht

284 1884 488 1924 abzusehen,
512 1893 635 1915 warum
650 1883 740 1924 jetzt
756 1882 807 1914 die
826 1880 951 1914 Ueber-

285 1927 436 1962 einkunft
453 1929 615 1970 geu-offen
642 1929 737 1960 wird.
769 1927 952 1967 Uebrigens

288 1975 378 2007 batte
396 1975 477 2006 auch
496 1974 585 2006 Nero
602 1984 661 2006 aus
681 1972 860 2013 Suessula,
879 1982 905 2005 s.
924 1983 952 2004 c.

288 2020 317 2063 3,
336 2020 366 2059 2,
386 2030 427 2051 zu
444 2018 541 2051 Hiilfe
559 2020 709 2051 kommeu
726 2019 868 2050 konnen.

335 2064 476 2097 10—11.
502 2075 564 2109 per
581 2067 709 2107 quaest.
734 2064 797 2094 wie
816 2063 875 2104 24,
899 2062 953 2102 23,

286 2112 316 2143 3.
334 2129 377 2134 —
402 2109 503 2141 aliam
529 2111 616 2142 turb.
636 2109 811 2141 Menschen
833 2108 952 2147 (Fuhr-

285 2159 375 2190 leute
400 2166 433 2188 u.
458 2165 484 2187 s.
503 2156 564 2195 w.)
589 2155 653 2186 und
671 2153 878 2186 Saumthiere
894 2152 915 2195 ᾧ
934 2153 953 2184 6

285 2205 457 2238 ίιηηθηίαῑ
473 2200 593 2233 aliam:
611 2200 675 2231 und
690 2203 793 2239 sonst,
813 2209 838 2230 s.
854 2199 884 2237 4,
899 2198 952 2238 41,

286 2249 313 2280 8.
338 2249 564 2290 ——formam,
591 2246 642 2277 die
661 2244 879 2283 Vertheilung
895 2244 954 2275 der

288 2294 384 2326 Zelte
417 2293 482 2325 und
511 2291 667 2323 Soldaten
702 2290 732 2321 in
766 2289 952 2328 dieselben3

290 2339 440 2372 ordinem
456 2338 588 2370 bezieht
604 2337 671 2368 sich
685 2334 804 2367 aufdie
818 2333 955 2375 Hriegs-

287 2385 439 2427 disciplin
457 2383 522 2415 und
536 2382 703 2422 Ordnung,
721 2381 773 2412 die
792 2380 880 2411 nicht
897 2390 954 2420 ge-

289 2430 453 2462 handhabt
462 2428 594 2460 werden
607 2427 739 2468 konnte,
757 2424 905 2457 Wachen
922 2436 952 2456 u.

290 2487 316 2508 s.
331 2486 373 2508 w.
386 2494 432 2499 —
443 2476 486 2507 z'z‘s
500 2476 608 2506 eoeter.
624 2473 667 2504 ist
680 2472 731 2503 die
746 2471 858 2502 hdsch.
872 2470 956 2502 Les-

289 2526 352 2561 art,
371 2521 452 2552 nach
472 2520 531 2551 der
547 2520 588 2551 z‘z's
606 2517 664 2550 auf
678 2520 790 2549 eastra
807 2516 955 2556 bezogen

291 2567 354 2597 und
378 2566 471 2598 dabei
495 2575 535 2596 an
555 2565 607 2596 die
634 2563 790 2596 Soldaten
819 2562 958 2602 gedacht

291 2612 423 2643 werden
447 2610 572 2642 miisste
593 2609 655 2640 wie
688 2608 716 2648 1,
735 2607 788 2647 60,
809 2606 844 2638 2:
869 2606 957 2638 laeta

292 2659 423 2696 castra,·
442 2657 595 2687 indessen
614 2654 659 2686 ist
675 2653 727 2685 die
744 2652 958 2692 Verbindung

292 2711 331 2733 an
350 2712 380 2732 u.
400 2702 448 2733 St.
474 2700 692 2733 auffallender
716 2698 781 2731 und
805 2698 957 2730 eoeternz's

1027 1700 1379 1739 selbstverst'andlich3
1420 1699 1554 1740 Madvig
1585 1708 1690 1730 verm.

1024 1748 1057 1778 et
1071 1747 1111 1777 iis
1125 1747 1289 1778 emtor-nis.

1072 1791 1214 1823 12—14.
1232 1793 1341 1834 quart.
1358 1801 1399 1831 v.,
1417 1800 1444 1822 s.
1463 1789 1515 1832 24,
1530 1788 1584 1830 46,
1599 1789 1630 1821 2.
1647 1807 1691 1813 —

1021 1836 1123 1881 paulo
1142 1847 1172 1868 α.
1192 1836 1212 1868 l.
1237 1837 1296 1868 mit
1312 1835 1510 1868 Nachdruck
1529 1844 1691 1875 vorange-

1026 1882 1135 1923 stellt,
1169 1882 1218 1913 als
1248 1882 1299 1914 die
1328 1881 1516 1921 wichtigste
1545 1880 1696 1923 Ursache*

1027 1928 1084 1959 des
1102 1927 1320 1959 Schreckens.
1338 1945 1382 1950 --
1396 1928 1585 1970 potuerint,
1610 1926 1692 1958 ohne

1024 1976 1064 2005 ut
1079 1973 1186 2004 heisst
1203 1982 1254 2004 es:
1271 1974 1466 2016 potuerunt.
1485 1989 1531 1994 ——
1546 1971 1693 2013 ahilud„

1026 2029 1040 2050 s
1058 2017 1079 2059 ξ
1100 2018 1129 2049 5.
1147 2036 1192 2040 —-
1205 2017 1379 2059 defender.
1400 2028 1430 2048 n.
1450 2019 1573 2048 castra.
1594 2035 1639 2039 —
1657 2027 1693 2048 a-

1024 2073 1155 2101 scensu,
1165 2062 1228 2094 Ort
1241 2063 1298 2094 des
1308 2060 1531 2102 Aufsteigens,
1547 2061 1693 2104 Zugang,

1027 2108 1183 2139 nachher:
1199 2118 1261 2152 per
1276 2107 1416 2149 ardum,
1438 2107 1502 2147 vgl.
1524 2118 1552 2138 c.
1572 2107 1628 2149 36,
1655 2106 1692 2145 63

1026 2154 1056 2193 5,
1075 2153 1128 2191 47,
1148 2153 1165 2184 2
1181 2163 1211 2185 u.
1226 2163 1254 2185 a.
1268 2155 1434 2196 aequiore,
1452 2153 1635 2193 giinstiger,
1655 2152 1694 2184 da

1027 2199 1075 2230 sie
1094 2199 1197 2230 hiiher
1214 2199 1341 2237 stehen,
1360 2209 1386 2231 s,
1405 2197 1459 2237 22,
1481 2197 1530 2240 16,
1549 2197 1579 2229 2.

1075 2238 1141 2276 14.
1176 2243 1284 2275 1--3.
1317 2244 1488 2284 υοίηθνίὺ.,
1511 2243 1592 2275 auch
1612 2243 1694 2274 dazu

1027 2288 1111 2320 kann
1126 2289 1267 2321 militum
1277 2290 1416 2330 gedacht
1429 2289 1575 2329 werden,
1590 2298 1616 2319 s.
1627 2287 1694 2319 Cic.

1028 2335 1091 2375 leg.
1106 2345 1157 2375 ag.
1173 2334 1202 2374 2,
1219 2334 1271 2374 35,
1286 2334 1343 2366 95:
1358 2346 1402 2366 ex
1414 2335 1475 2366 hac
1488 2335 1584 2378 copia
1595 2336 1696 2375 atque

1029 2381 1178 2412 omnium
1204 2390 1318 2412 rerum
1347 2379 1528 2422 affluentia
1550 2390 1580 2410 u.
1605 2388 1633 2410 a.
1657 2396 1694 2401 —

1025 2425 1149 2468 legatis
1174 2426 1217 2457 ist
1233 2424 1504 2457 wahrscheinlich
1527 2421 1694 2464 ausgefal-

1028 2471 1101 2509 len;
1121 2471 1242 2502 ebenso
1261 2473 1392 2511 eastra,
1410 2480 1438 2502 s.
1457 2469 1510 2510 23,
1529 2468 1588 2508 28,
1607 2469 1644 2506 9,
1663 2468 1694 2508 4,

1033 2516 1088 2557 17,
1115 2517 1145 2547 5.
1164 2535 1208 2540 -
1226 2527 1264 2549 eo
1285 2525 1433 2556 versura,
1459 2524 1561 2555 gegen
1581 2514 1694 2545 Hanno

1028 2562 1092 2593 und
1111 2561 1306 2604 Campanien
1328 2561 1430 2601 (nicht
1447 2570 1551 2600 gegen
1571 2558 1696 2590 Hanni-

1028 2607 1082 2638 bal
1105 2617 1132 2638 c.
1158 2607 1207 2647 3),
1238 2616 1307 2638 was
1329 2606 1395 2638 wol
1418 2605 1523 2646 gleich
1547 2602 1696 2644 Anfangs

1029 2652 1100 2683 ihre
1112 2650 1259 2693 Aufgabe
1273 2661 1354 2692 war,
1368 2651 1431 2683 wie
1445 2651 1525 2682 auch
1540 2650 1590 2681 die
1600 2648 1694 2680 Cam-

1030 2707 1132 2739 paner
1164 2698 1370 2738 vcrmuthen‚
1400 2706 1428 2729 c.
1460 2694 1516 2736 13,
1550 2695 1578 2727 1.
1612 2693 1694 2727 Zuni
