1784 2967
159 386 193 416 21

158 556 174 585 ¹0

181 556 198 586 10

152 891 203 928 239

183 1067 200 1097 [Q

186 1634 204 1664 G

233 221 309 260 194
668 217 792 250 LIBER
810 218 919 252 XXV.
952 218 1042 251 CAP.
1062 219 1114 251 38.
1133 218 1185 251 39.

1478 235 1503 252 a.
1519 235 1546 252 u.
1562 228 1622 253 542.

229 321 366 360 deinde
387 321 517 366 duce&
540 326 617 359 tres
640 320 827 360 exereitus
845 320 1120 360 sustinebimus
1137 321 1320 369 hostium,
1341 334 1439 372 quos
1456 321 1522 359 Cn.
1541 321 1624 359 Sci-

230 378 293 429 pio
316 378 497 416 ineolumi
519 377 684 416 exercitu
706 389 783 417 non
806 376 1017 417 sustinuit?
1039 383 1081 416 ut
1101 377 1304 416 dividendo
1328 379 1459 429 copias
1477 378 1624 428 periere

229 435 345 473 duces
368 434 504 481 nostri,
527 434 577 472 ita
600 434 803 485 separatim
821 447 864 473 ac
880 434 986 473 divisi
1006 434 1173 485 opprimi
1191 440 1358 485 possunt
1375 435 1518 473 hostes.
1556 434 1624 473 alia

228 491 313 529 belli
334 490 486 541 gerendi
509 491 565 530 via
587 491 688 530 nulla
710 496 777 531 est.
819 491 982 541 proinde
1002 491 1095 529 nihil
1113 497 1262 543 praeter
1283 491 1408 530 noctis
1428 490 1626 542 proximae

231 547 560 598 opportunitatem
588 552 846 599 expectemus.
888 548 938 586 ite
966 548 1046 587 deis
1075 548 1171 587 bene
1193 548 1431 594 iuvantibus,
1461 559 1626 598 corpora

229 609 373 651 curate,
405 609 448 643 ut
478 604 613 655 integri
640 604 886 655 vigentesque
914 605 1048 643 eodem
1077 605 1204 643 animo
1234 605 1270 643 in
1301 610 1423 644 castra
1454 604 1626 643 hostium

230 661 470 712 inrumpatis,
494 673 568 711 quo
591 666 716 699 vestra
737 660 845 699 tutati
867 661 999 699 estis‘⁴.

344 717 450 756 Laeti
478 723 515 756 et
540 717 692 756 audiere
718 717 763 755 ab
791 729 890 755 novo
920 717 1015 756 duee
1042 729 1184 756 novum
1213 717 1436 763 consilium,
1468 722 1521 763 et,
1550 729 1626 768 quo

229 774 407 813 audacius
437 780 533 820 erat,
561 773 678 824 magis
706 773 886 824 placebat.
927 774 1114 824 reliquum
1138 774 1210 813 diei
1238 774 1483 825 expediendis
1511 773 1627 813 armis

230 836 266 869 et
287 831 486 869 curatione
507 842 716 880 corporum
739 835 1028 880 consumptum,
1054 836 1091 869 et
1111 830 1234 869 maior
1254 844 1341 882 pars
1364 831 1488 870 noctis
1512 830 1627 881 quieti

231 888 316 925 data
338 892 408 925 est.
451 892 582 937 quarta
604 886 726 936 vigilia
744 899 910 926 movere.
951 887 1069 925 Erant
1089 887 1186 926 ultra
1209 900 1397 939 proxuma
1419 892 1542 926 castra
1564 900 1629 926 sex

230 943 378 982 milium
408 943 603 982 intervallo
632 943 816 981 distantes
842 943 935 982 aliae
963 943 1096 994 copiae
1115 943 1361 996 Poenorum.
1402 944 1513 982 valles
1541 955 1630 983 cava

232 1001 420 1045 intererat,
442 1000 634 1039 condensa
657 1000 872 1038 arboribus.
896 1000 933 1038 in
956 1000 1070 1039 huius
1092 1000 1205 1039 silvae
1226 1001 1354 1039 medio
1371 1000 1490 1039 ferme
1507 1001 1629 1051 spatio

232 1058 374 1095 cohors
397 1057 571 1095 Romana
593 1062 671 1095 arte
692 1057 834 1095 Punica
858 1056 1010 1095 abditur
1032 1062 1069 1095 et
1089 1057 1246 1108 equites.
1287 1057 1337 1096 ita
1353 1057 1479 1095 medio
1498 1056 1631 1095 itinere

232 1115 444 1164 intercepto
475 1120 620 1152 ceterae
649 1114 781 1164 copiae
802 1113 926 1151 silenti
948 1114 1100 1164 agmine
1121 1114 1165 1152 ad
1188 1114 1390 1164 proximos
1412 1113 1536 1152 hostis
1559 1113 1631 1152 du-

232 1176 311 1209 ctae
340 1176 393 1216 et,
422 1182 509 1208 cum
539 1170 649 1208 statio
672 1170 771 1208 nulla
793 1183 864 1221 pro
887 1171 1008 1221 portis
1031 1183 1153 1222 neque
1174 1170 1212 1208 in
1234 1170 1328 1209 vallo
1352 1170 1548 1209 custodiae
1569 1183 1631 1209 es—

234 1232 334 1273 sent,
371 1227 470 1265 velut
496 1228 533 1264 in
563 1239 630 1265 sua
658 1231 779 1265 eastra
809 1227 911 1265 nullo
940 1239 1102 1278 usquam
1133 1227 1345 1265 obsistente
1372 1232 1631 1278 penetravere.

235 1284 320 1322 inde
351 1283 458 1333 signa
489 1289 631 1322 canunt
658 1288 694 1322 et
721 1283 863 1322 tollitur
891 1283 1047 1322 clamor.
1096 1296 1185 1334 pars
1214 1284 1476 1321 semisomnos
1506 1283 1630 1321 hostis

233 1340 412 1386 caedunt,
443 1352 531 1390 pars
560 1340 666 1390 ignes
696 1340 792 1378 casis
824 1345 1037 1378 stramento
1066 1340 1172 1378 arido
1201 1340 1310 1378 tectis
1338 1340 1513 1385 iniciunt,
1542 1352 1630 1391 pars

235 1403 366 1448 portas
390 1402 596 1447 occupant,
625 1401 667 1435 ut
686 1396 815 1447 fugam
839 1397 1101 1436 intercludant.
1144 1397 1276 1435 hostes
1299 1396 1414 1435 simul
1435 1397 1533 1447 ignis
1556 1396 1632 1435 cla—

235 1466 321 1492 mor
355 1453 489 1492 caedes
524 1453 626 1491 velut
659 1452 840 1492 alienatos
873 1453 1050 1492 sensibus
1079 1466 1149 1492 nec
1176 1453 1306 1492 audire
1334 1466 1404 1491 neo
1431 1454 1633 1504 providere

235 1510 439 1561 quicquam
476 1510 617 1548 sinunt.
665 1509 839 1548 incidunt
864 1510 1031 1548 inermes
1060 1510 1158 1548 inter
1187 1515 1357 1549 catervas
1384 1515 1632 1548 armatorum.

233 1567 292 1605 alii
315 1572 432 1605 ruunt
451 1566 496 1604 ad
516 1572 659 1617 portas,
683 1566 742 1605 alii
762 1566 953 1618 obsaeptis
972 1567 1174 1605 itineribus
1193 1579 1311 1618 super
1326 1567 1461 1605 vallum
1480 1566 1633 1605 saliunt.

234 1630 270 1662 et
291 1629 332 1662 ut
354 1623 513 1674 quisque
535 1629 723 1669 evaserat,
752 1623 930 1674 protinus
959 1624 1003 1662 ad
1033 1630 1157 1662 castra
1179 1623 1292 1662 altera
1314 1623 1477 1673 fugiunt,
1499 1623 1565 1661 ubi
1586 1623 1633 1661 al)

236 1748 296 1778 uic
314 1749 425 1779 melae
441 1758 491 1786 710,
511 1746 563 1786 29,
582 1746 634 1788 24,
652 1746 671 1777 4
690 1758 718 1778 u.
738 1757 766 1778 a.
787 1766 825 1769 —
841 1746 896 1778 Cn.

233 1793 297 1831 Sc„
315 1793 391 1824 weil
408 1793 518 1823 dieser
531 1793 630 1823 allein
647 1803 707 1823 von
724 1793 808 1823 allen
829 1793 898 1823 drei

235 1839 362 1869 lleeren
381 1837 582 1878 angegriffen
601 1838 735 1868 worden
757 1848 836 1869 war.
855 1856 899 1860 ——

234 1894 344 1926 sepczr.
364 1894 394 1914 a.
416 1883 521 1923 clii-isi,
540 1883 698 1914 riiumlieh
720 1883 898 1923 gesondert

235 1930 298 1960 und
317 1930 346 1960 in
366 1929 515 1960 melu-ere
534 1928 650 1959 Tbeile
671 1933 837 1968 getrennt.
857 1948 897 1950 —

234 1974 299 2005 alia
317 1973 391 2005 belli
412 1978 491 2010 etc„
518 1974 584 2013 vgl.
604 1973 662 2013 22,
688 1973 746 2012 39,
766 1975 800 2004 U:
831 1984 899 2005 vna

234 2020 322 2051 ratio
340 2018 415 2049 belli
428 2037 471 2040 —
486 2018 630 2059 gerendi
646 2021 706 2049 est.
726 2038 763 2040 —
780 2020 899 2061 proin—

235 2064 289 2103 (le,
308 2064 442 2095 Schluss
461 2064 525 2094 und
543 2064 801 2103 Aull'orderung,
821 2074 846 2093 s.
867 2063 897 2101 3,

236 2110 288 2148 57,
308 2110 341 2139 5:
360 2109 513 2139 dcmnacb
533 2109 616 2139 lasst
633 2119 693 2139 uns
710 2127 753 2130 —
771 2118 898 2139 erwar—

237 2160 301 2185 ten.
318 2172 363 2176 —
378 2156 505 2195 integri
515 2156 590 2195 viga,
608 2153 790 2195 ko'rperlicb
806 2153 897 2184 stark

236 2200 299 2230 und
318 2197 452 2238 kriiftig.

282 2244 334 2276 23.
360 2244 438 2276 aud.
459 2245 508 2283 ab,
527 2244 579 2283 24,
596 2243 646 2283 22,
663 2243 692 2275 2.
712 2263 754 2265 ψ
772 2254 834 2285 quo
855 2263 898 2265 —

234 2292 356 2332 ''uagi-v,
376 2301 402 2321 c.
421 2290 448 2328 1,
467 2290 496 2320 ti.
514 2308 557 2311 —
572 2289 731 2332 placebat,
750 2289 799 2319 die
819 2289 898 2319 dau-

237 2336 336 2366 vrnde
364 2334 527 2374 NVirkung
557 2345 617 2365 von
647 2334 726 2365 laeti
751 2334 898 2366 muliere.

239 2400 277 2402 -ᾲ
295 2380 383 2422 reliq.
402 2380 446 2419 (1.,
465 2380 558 2417 s.21‚
579 2379 627 2419 14,
650 2380 700 2410 10.
717 2397 761 2401 —
778 2382 899 2421 quarm

238 2426 254 2465 ξ
274 2426 327 2456 145:
348 2427 458 2465 tertia,
475 2426 627 2456 nacbdem
643 2425 689 2455 sie
704 2425 770 2455 sich
787 2425 816 2455 in
831 2425 900 2455 div-

238 2481 292 2500 ser
311 2471 522 2501 versammclt
548 2470 667 2509 baben,
694 2470 831 2500 brochon
851 2470 898 2500 sie

239 2526 287 2545 um
307 2516 356 2546 die
377 2517 481 2547 vierte
502 2516 719 2547 Nacbtwache
737 2514 802 2545 aus.

284 2553 350 2591 39.
380 2561 405 2591 l.
439 2560 622 2599 inleri'ullo,
639 2571 663 2591 s.
679 2572 704 2592 r.
722 2561 751 2599 9,
770 2559 804 2591 3:
824 2570 900 2603 spa-

240 2606 294 2635 lin.
313 2623 356 2628 —
381 2605 491 2644 valle-s,
517 2606 578 2637 wie
603 2606 695 2637 Caes.
720 2606 752 2646 7,
778 2605 837 2645 47,
862 2605 898 2636 2:

238 2660 363 2691 magna
380 2650 477 2681 vallus
496 2662 524 2681 u.
544 2661 583 2689 a.,
606 2651 672 2691 vgl.
694 2651 782 2689 1,5÷›,
798 2650 900 2682 10.—

971 1746 1148 1785 cmzdensa,
1172 1747 1260 1777 dicht
1282 1746 1411 1778 besetzt
1440 1747 1507 1788 mit,
1542 1751 1634 1777 sonst

972 1793 1064 1823 mehr
1096 1792 1313 1831 dicbteriseh,
1347 1793 1412 1832 vgl.
1433 1791 1491 1831 26,
1516 1793 1550 1831 5,
1576 1791 1632 1822 13:

970 1837 1170 1869 condensam
1193 1838 1308 1869 aciem.
1338 1855 1382 1859 —
1406 1838 1541 1878 cohors,
1570 1837 1634 1867 wol

972 1884 1051 1914 nach
1070 1883 1233 1924 spiiterem
1254 1882 1461 1921 Gebrauche,
1481 1893 1506 1913 s.
1526 1882 1585 1921 22,
1604 1882 1633 1919 ἵ),

974 1928 1001 1959 7.
1021 1946 1064 1950 —
1082 1928 1220 1966 Punica,
1240 1928 1301 1958 wie
1320 1932 1413 1959 sonst
1431 1928 1482 1958 die
1502 1927 1633 1966 Punier,

972 1973 1118 2013 obgleich
1147 1983 1182 2003 es
1206 1973 1285 2003 auch
1316 1983 1380 2003 von
1405 1973 1465 2003 den
1489 1971 1631 2003 Romern

972 2017 1019 2049 oft
1036 2028 1143 2057 genug
1159 2017 1339 2056 geschieht.

1017 2062 1119 2093 2**7.
1149 2064 1350 2105 intercepto,
1374 2062 1634 2102 abgeschnitten,

972 2118 997 2139 s.
1017 2108 1046 2145 9,
1067 2107 1125 2146 43,
1145 2106 1178 2138 3:
1199 2110 1388 2150 opportuna
1404 2107 1475 2139 loca
1491 2110 1634 2139 Interce-

969 2155 1110 2195 peranst
1142 2152 1232 2183 Curt.
1258 2152 1297 2190 4,
1322 2152 1357 2190 S,
1379 2154 1413 2184 9:
1437 2163 1557 2184 murus
1573 2163 1633 2196 pe-

971 2197 1084 2229 destre
1107 2200 1171 2229 iter
1188 2199 1421 2240 interceperat.
1440 2216 1485 2220 —
1501 2208 1580 2241 pro,
1606 2208 1632 2229 s.

972 2254 998 2273 c.
1021 2242 1070 2283 13,
1090 2243 1120 2273 5.
1140 2261 1184 2265 —
1199 2244 1436 2283 semisomnos,
1461 2242 1509 2274 oft
1527 2243 1578 2274 bei
1597 2242 1633 2274 L.

972 2298 998 2319 s.
1019 2290 1055 2326 a,
1074 2288 1131 2327 24,
1154 2287 1209 2325 123
1232 2288 1272 2320 ib.
1292 2288 1349 2324 31,
1366 2289 1384 2319 9
1403 2299 1434 2319 u.
1452 2299 1500 2328 a.,
1520 2288 1585 2327 vgl.
1606 2299 1632 2319 e.

972 2333 1022 2373 24,
1042 2332 1071 2363 2.
1090 2351 1133 2355 ——
1151 2334 1249 2373 casis,
1269 2334 1329 2364 uie
1349 2333 1401 2373 27,
1420 2334 1456 2371 3,
1475 2333 1511 2369 33
1531 2333 1584 2373 30,
1604 2334 1633 2370 3,

973 2380 1002 2409 Ε).
1020 2396 1064 2400 —
1081 2379 1183 2409 simul
1198 2379 1334 2410 vei-tritt
1351 2379 1401 2409 die
1420 2379 1525 2410 Stelle
1543 2378 1634 2409 eines

973 2423 1177 2455 attributes:
1196 2425 1246 2455 die
1266 2435 1305 2454 zu
1319 2424 1464 2463 gleicher
1478 2423 1554 2454 Zeit
1568 2423 1634 2454 los-

972 2469 1190 2499 brcclwnden.
1222 2469 1318 2500 allen.
1336 2480 1443 2505 semu,
1462 2468 1513 2510 35,
1532 2468 1583 2509 31,
1602 2468 1632 2499 4.

971 2532 1014 2536 —
1028 2514 1212 2556 providere,
1226 2514 1400 2553 vorsehen,
1418 2513 1633 2545 Vorkehrun—

972 2569 1032 2598 gen
1053 2559 1185 2600 trell'en,
1210 2560 1276 2599 vgl.
1295 2559 1352 2599 22,
1371 2559 1407 2597 4,
1427 2559 1455 2590 7.
1475 2577 1520 2580 —
1536 2560 1633 2600 inter,

973 2605 1018 2634 sie
1037 2604 1206 2643 gerietben
1231 2605 1344 2636 mitten
1368 2608 1464 2635 unter
1487 2603 1551 2641 sie3
1575 2613 1634 2634 an-

972 2650 1046 2680 ders
1062 2649 1105 2680 ist
1118 2650 1208 2681 inter
1223 2661 1250 2681 c.
1269 2649 1347 2688 15,4
1361 2660 1391 2680 u.
1407 2659 1446 2680 an
1462 2649 1491 2680 ii.
1507 2648 1633 2680 stenen

1661 836 1699 868 10

1664 1124 1700 1154 15

1662 1403 1678 1434 '2
1685 1405 1702 1433 t)
