1784 2967
26 782 69 814 10

27 1061 68 1093 15

23 1338 67 1371 20

529 164 660 197 LIBER
684 163 816 195 XXIX.
865 163 958 195 CAP.
986 163 1018 196 2.
1038 163 1068 196 3.
1415 162 1496 200 247

94 184 120 202 a.
137 176 191 203 Ch.
207 176 270 202 205.

93 270 171 321 pilo
198 274 322 308 terrae
355 268 524 307 adfixum
557 265 803 318 pugnabant,
832 264 959 303 obruti
994 265 1077 303 telis
1106 263 1391 308 occubuerunt,
1418 267 1502 301 tum

92 326 181 376 fuga
207 325 352 376 passim
381 328 517 375 coepta
536 323 665 374 plures
690 321 809 367 caesi,
832 320 918 371 quia
939 333 1060 372 equos
1083 319 1371 359 conscendendi
1392 318 1502 369 equi-

93 381 195 420 tibus
229 381 396 431 spatium
430 392 511 418 non
544 380 687 424 fuerat,
716 381 753 416 et
780 376 867 428 quia
900 377 1087 427 perculsis
1117 376 1254 415 acriter
1281 375 1505 414 institerunt

93 437 270 476 Romani.
317 449 387 476 nec
421 441 508 475 ante
542 435 767 474 abscessum
801 438 878 479 est,
909 445 1022 484 quam
1058 433 1192 472 castris
1225 443 1381 483 quoque
1408 443 1502 470 exu-

98 499 212 532 erunt
232 494 397 531 hostem.
439 492 570 530 decem
590 490 663 529 tria
679 489 795 528 millia
813 489 1076 540 Hispanorum
1100 502 1205 528 caesa
1222 501 1266 527 eo
1285 488 1356 535 die,
1378 500 1502 526 mnccc

94 550 217 588 ferme
235 549 353 600 capti3
373 549 638 587 Romanorum
657 546 932 596 sociorumque
947 545 1062 596 paulo
1080 545 1245 595 amplius
1264 558 1319 591 cc,
1340 543 1505 582 maxime

95 606 135 644 in
155 606 260 644 laevo
284 616 416 650 cornu,
440 604 670 643 ceciderunt.
702 602 802 653 pulsi
824 602 959 641 castris
981 601 1142 652 Hispani
1163 606 1228 639 aut
1248 601 1309 651 qui
1327 613 1371 638 ex
1387 612 1505 651 proe-

92 662 144 700 lio
167 662 377 711 effugerant
396 660 521 711 sparsi
536 659 663 711 primo
681 672 751 710 per
768 671 894 709 agros,
917 658 1053 696 deinde
1069 658 1109 696 in
1126 670 1215 696 suas
1233 657 1396 708 quisque
1414 656 1504 695 civi-

93 723 189 757 tates
211 717 419 756 redierunt.

208 774 307 812 Tum
329 786 348 812 a
371 771 579 811 Mandonio
603 771 748 810 evocati
769 771 808 809 in
831 770 1035 809 concilium
1059 769 1338 820 conquestique
1359 768 1411 807 ibi
1429 768 1504 807 cla—

96 830 162 868 des
199 842 288 868 suas
325 827 523 878 increpitis
553 827 773 866 auctoribus
801 827 886 865 belli
912 827 1057 876 legatos
1084 826 1297 864 mittendos
1326 825 1372 863 ad
1400 836 1506 863 arma

93 885 279 925 tradenda
307 885 619 935 deditionemque
645 884 861 922 faciendam
893 894 1087 921 censuere.
1129 882 1269 932 quibus
1293 881 1444 931 culpam
1467 881 1505 918 in

94 948 291 980 auctorem
318 941 405 979 belli
426 940 626 979 Indibilem
655 945 880 990 ceterosque
908 938 1121 989 principes,
1143 949 1309 988 quorum
1332 937 1505 987 plerique

93 998 133 1035 in
160 999 239 1036 acie
256 997 494 1043 cecidissent,
516 996 816 1041 conferentibus,
838 994 1154 1044 tradentibusque
1175 1006 1280 1032 arma
1302 998 1338 1032 et
1360 993 1505 1031 deden-

96 1053 198 1092 tibus
222 1066 306 1092 sese
345 1065 582 1104 responsum
613 1057 690 1091 est:
713 1052 751 1090 in
768 1052 1003 1090 deditionem
1025 1051 1074 1088 ita
1097 1050 1215 1100 accipi
1237 1062 1322 1096 eos,
1344 1049 1376 1087 si
1397 1049 1504 1087 Man-

97 1110 256 1149 donium
284 1114 510 1160 ceterosque
538 1109 624 1147 belli
652 1108 868 1147 concitores
890 1106 1142 1146 tradidissent
1161 1107 1285 1151 vivos3
1308 1104 1339 1143 si
1361 1105 1505 1151 minus,

96 1166 304 1205 exercitum
333 1178 374 1204 se
401 1166 440 1203 in
470 1177 604 1216 agrum
632 1165 837 1214 Ilergetum
867 1164 1228 1213 Ausetanorumque
1256 1166 1292 1200 et
1323 1161 1506 1212 deinceps

95 1222 259 1261 aliorum
293 1222 530 1272 populorum
565 1221 764 1260 ducturos.
813 1221 906 1258 haec
932 1220 1030 1258 dicta
1054 1219 1186 1269 legatis
1212 1217 1506 1267 renuntiataque

94 1278 134 1316 in
162 1278 379 1317 concilium.
421 1277 471 1315 ibi
492 1277 721 1315 Mandonius
750 1277 941 1326 ceterique
972 1275 1166 1325 principes
1190 1273 1449 1325 conprehensi
1470 1278 1507 1311 et

97 1334 225 1373 traditi
247 1334 294 1372 ad
316 1333 568 1383 supplicium3
588 1332 796 1383 Hispaniae
817 1332 972 1383 populis
994 1331 1140 1369 reddita
1159 1343 1251 1381 pax3
1272 1330 1506 1381 stipendium

95 1391 175 1429 eius
203 1390 292 1428 anni
323 1389 462 1440 duplex
484 1394 521 1427 et
538 1389 776 1427 frumentum
798 1402 864 1427 sex
887 1400 1066 1426 mensum
1088 1388 1320 1437 imperatum
1343 1398 1509 1437 sagaque

96 1452 133 1485 et
152 1451 264 1497 togae
285 1445 484 1490 exercitui3
505 1450 542 1484 et
563 1444 719 1483 obsides
741 1445 787 1483 ab
808 1444 963 1494 triginta
984 1444 1105 1491 ferme
1125 1443 1281 1494 populis
1303 1445 1464 1493 accepti.

95 1547 252 1578 Vorder-
271 1547 352 1578 oder
367 1545 535 1578 Nachsatz
553 1545 687 1584 ziehen,
702 1556 765 1576 un-

96 1592 313 1632 gewohnlich.
336 1610 382 1614 —
398 1592 552 1623 semz'nec.
570 1594 669 1632 rest„
689 1601 714 1622 s.
735 1601 762 1622 c.

99 1637 128 1676 l,
147 1637 178 1668 9.
197 1655 241 1659 —
257 1637 424 1679 adfictum,
443 1635 473 1675 8,
492 1637 523 1676 7,
545 1636 601 1666 11:
625 1635 765 1678 cuspide

97 1682 138 1711 ab
155 1681 286 1722 iugulo,
305 1683 355 1712 ita
367 1684 407 1712 ut
420 1690 481 1723 per
499 1681 765 1721 eostasserrum

99 1728 274 1766 emineret,
299 1728 411 1757 terrae
433 1724 566 1766 adfizm't.
587 1743 631 1747 —
651 1735 764 1766 equos,

97 1772 149 1802 die
182 1771 402 1802 unterdessen
431 1780 496 1800 von
525 1769 765 1800 Reitknechten

97 1816 207 1847 binter
244 1817 304 1847 der
336 1814 583 1846 Schlachtreihe
610 1814 765 1854 gebalten

99 1861 170 1892 sein
188 1861 346 1900 miissten,
363 1859 431 1900 vgl.
450 1859 480 1899 6,
496 1859 549 1898 24,
568 1858 618 1890 10.
633 1877 676 1881 —
688 1860 766 1896 fue-

98 1909 162 1948 rat,
180 1916 241 1937 vor
258 1907 330 1937 dem
344 1904 546 1944 Eindringen
560 1904 620 1935 der
632 1903 764 1935 Ro'mer.

97 1970 142 1973 —
159 1953 355 1982 abscessum
379 1960 409 1981 n.
429 1950 469 1980 ab
487 1951 530 1981 iis
549 1949 765 1992 (persequen-

97 1996 175 2036 dis).
190 2014 233 2018 ——
246 1997 371 2039 sparsi,
392 1995 475 2025 dazu
489 1997 571 2026 sunt
583 2005 624 2025 zu
637 1994 765 2025 denken

97 2042 142 2072 ist
159 2041 249 2072 nicht
266 2039 495 2080 nothwendig,
515 2049 541 2071 s.
559 2039 614 2079 27,
632 2038 686 2079 42,
707 2038 764 2077 133

99 2086 129 2125 7,
147 2085 201 2124 29,
220 2086 253 2116 5:
285 2085 449 2128 Campani
464 2102 507 2106 —
524 2084 615 2127 pulsi
629 2094 715 2125 agro
733 2085 766 2115 in

98 2141 135 2161 se
162 2129 279 2161 deinde
301 2130 421 2162 molem
447 2128 522 2160 belli
541 2140 672 2161 omnem
689 2138 767 2160 ver·—

101 2177 225 2206 terunt.

147 2211 187 2249 3.
209 2218 306 2249 1—2.
333 2220 467 2258 evocati,
482 2218 619 2249 niimlich
633 2228 692 2250 aus
705 2219 766 2250 den

101 2263 183 2294 eben
213 2263 276 2294 und
301 2273 327 2294 c.
354 2263 382 2301 1,
407 2263 447 2294 25
473 2263 666 2294 erw'ahnten
686 2264 769 2294 eivi-

101 2313 200 2347 tates,
216 2309 267 2339 die
281 2307 469 2339 Vorsteher
483 2308 674 2346 derselben,
694 2318 769 2339 evo—

102 2354 172 2384 cati
194 2353 265 2384 hier
290 2353 411 2383 anders
435 2353 484 2383 als
509 2352 562 2392 21,
582 2352 635 2391 25,
655 2353 682 2393 6,
701 2354 768 2393 vgl.

102 2398 156 2438 30,
175 2397 225 2437 12,
240 2397 270 2429 8.
283 2416 327 2420 —
341 2397 524 2435 concilium,
541 2397 616 2428 kein
632 2396 770 2436 Hriegs-

101 2443 192 2481 rath,
219 2443 412 2482 consilium,
432 2443 574 2473 sondern
594 2442 665 2472 eine
684 2442 769 2474 Ver-

102 2487 284 2527 sammlung
315 2498 378 2519 von
412 2487 684 2527 Abgeordneten,
717 2487 768 2518 die

102 2533 202 2563 durch
236 2533 293 2563 das
327 2531 392 2564 fast
423 2532 681 2564 substantiviseh
711 2543 765 2572 ge-

76 2602 83 2607 1
102 2577 259 2609 brauchte
278 2580 409 2610 evocati
420 2578 614 2609 bezeichnet
627 2577 711 2609 siud.
725 2596 769 2600 —

836 1547 976 1583 auctor„
1006 1544 1075 1584 vgl.
1107 1543 1128 1585 ξ
1157 1543 1192 1575 3:
1222 1545 1424 1583 concitores,
1453 1541 1508 1583 23,

836 1590 891 1630 41,
910 1589 941 1621 2.
959 1608 1001 1612 ——
1019 1592 1080 1621 cet.
1097 1599 1169 1631 pr„
1186 1589 1390 1627 ausswdem,
1410 1598 1436 1619 s.
1454 1587 1508 1627 22,

837 1635 891 1674 21,
916 1634 934 1665 3
960 1645 992 1665 u.
1018 1635 1051 1673 4,
1074 1634 1129 1673 41,
1154 1633 1184 1672 8,
1208 1632 1509 1673 vg1.c.1,19.-

837 1690 935 1711 arma
958 1682 1013 1718 tr„
1042 1689 1067 1709 s.
1094 1678 1147 1717 28,
1172 1679 1225 1717 34,
1250 1679 1280 1708 7.
1304 1696 1346 1700 —
1374 1678 1507 1719 quibus,

837 1725 886 1755 als
904 1724 956 1755 die
972 1723 1161 1755 Gesandten
1180 1724 1271 1753 ihren
1286 1720 1428 1762 Austrag
1445 1723 1507 1753 den

839 1769 1024 1799 romischen
1050 1767 1234 1798 Feldherrn
1263 1767 1440 1798 meldeten.
1462 1785 1507 1789 —-

839 1823 983 1855 quorum
1004 1812 1067 1855 pl„
1091 1813 1159 1851 vgl.
1186 1812 1223 1843 Z.
1242 1810 1262 1853 ξ
1279 1811 1355 1842 430.
1376 1829 1418 1834 ——
1437 1814 1508 1843 tra-

838 1858 927 1890 dent.
963 1876 1007 1880 —
1036 1857 1186 1897 dedem‘„
1220 1857 1416 1887 bezeichnet
1444 1857 1506 1887 deu

838 1903 978 1935 Willen.

885 1947 996 1979 3—5.
1022 1949 1145 1990 accipi,
1172 1957 1197 1977 s.
1217 1946 1271 1987 22,
1290 1945 1344 1987 61,
1364 1946 1394 1977 3.
1412 1964 1454 1968 —
1472 1956 1509 1977 se

838 1991 898 2024 auf
933 1993 990 2023 das
1024 1992 1076 2023 bei
1110 2002 1314 2034 responsum
1347 1991 1507 2031 gedachte

840 2038 979 2078 Subject
1001 2048 1041 2068 zu
1061 2037 1230 2067 beziehen.
1248 2055 1286 2059 ——
1310 2035 1412 2077 Ilerg.
1432 2037 1507 2067 Au-

838 2085 911 2125 set„
930 2083 978 2114 sie
996 2083 1143 2113 miissten
1158 2082 1228 2113 also
1243 2082 1304 2112 den
1323 2092 1339 2112 c
1369 2081 1400 2121 2,
1415 2080 1433 2111 2
1449 2081 1506 2112 be-

838 2129 1031 2159 zeichneten
1040 2127 1130 2167 weg
1142 2127 1417 2164 zuriicknehmen,
1427 2126 1508 2157 aber

835 2174 925 2213 jetzt
953 2183 1004 2203 uni
1034 2173 1093 2203 das
1116 2172 1206 2202 Land
1235 2172 1285 2202 als
1311 2169 1506 2201 feindliches

841 2229 879 2248 zu
904 2217 1100 2248 behandeln.
1119 2235 1163 2239 —-
1179 2218 1242 2257 ihi,
1259 2216 1340 2247 wol:
1362 2216 1417 2253 da,
1443 2215 1506 2247 wie

839 2262 860 2303 ξ
894 2263 920 2294 1.
950 2281 994 2284 -
1022 2262 1067 2293 ad
1089 2262 1198 2304 suppl.
1221 2276 1266 2287 =
1284 2264 1323 2292 ut
1344 2261 1507 2303 supplicio

839 2308 1084 2350 adficerentur,
1106 2307 1155 2337 als
1175 2307 1353 2347 Einpiirer,
1371 2307 1438 2345 vgl.
1453 2306 1506 2345 21,

844 2354 894 2392 lo,
924 2353 980 2383 12:
1014 2352 1060 2383 ad
1076 2352 1259 2394 piaculum.
1283 2369 1324 2373 —
1347 2362 1432 2393 pam,
1457 2351 1506 2381 sie

842 2398 975 2428 werden
1006 2398 1094 2428 nicht
1116 2398 1207 2427 mehr
1229 2397 1279 2427 als
1299 2396 1423 2427 Fcinde
1447 2395 1505 2426 be-

841 2443 986 2480 handelt,
1006 2443 1045 2473 da
1061 2442 1107 2472 sie
1123 2443 1189 2473 sich
1204 2439 1429 2472 unterworfen
1448 2441 1506 2472 ba-

841 2488 919 2528 ben,
941 2487 1001 2525 28,
1026 2487 1085 2524 34,
1110 2487 1139 2518 7.
1162 2505 1206 2510 —
1228 2486 1371 2529 stz'pend.
1392 2497 1419 2517 e.
1437 2496 1506 2527 an„

841 2533 919 2563 weil
947 2533 1005 2563 das
1036 2532 1111 2572 stip.
1139 2531 1282 2572 jiihrlich
1310 2532 1507 2570 ausgezahlt

841 2577 935 2617 wird,
951 2577 1014 2617 vgl.
1027 2576 1142 2618 2S‚25,
1157 2576 1508 2617 53ib.34‚11.-du-

1533 267 1574 300 16

1535 494 1574 526 17

1536 606 1576 639 18

1535 1226 1556 1257 4

1535 1339 1555 1370 5
