1784 2967
38 832 80 865 10

37 1115 78 1147 15

32 1394 76 1427 20

542 217 669 250 LIBER
693 216 849 250 XXVIII.
898 217 988 250 CAP.
1015 217 1068 250 39.
1433 218 1514 256 215

113 238 138 254 a.
160 229 213 256 Ch.
225 228 286 255 205.

111 321 207 361 absit
223 321 341 360 verbo
360 320 498 360 invidia
514 343 581 367 —,
603 331 652 358 ne
673 320 842 370 posteris
865 320 1017 370 quidem
1041 319 1210 359 timenda
1232 320 1378 358 nostris
1401 325 1514 358 esset.

111 378 269 417 deletam
301 377 436 416 urbem
461 376 652 416 cernimus
674 388 830 421 eorum,
859 388 1023 426 quorum
1053 377 1090 414 in
1118 372 1276 427 gratiam
1301 376 1514 427 Saguntum

111 435 298 473 deleverat
320 433 526 479 Hannibal,
555 432 709 482 vectigal
731 445 774 470 ex
796 444 886 481 agro
909 445 1043 471 eorum
1068 433 1255 483 capimus,
1278 433 1379 484 quod
1403 432 1516 471 nobis

109 502 188 529 11011
226 496 302 529 tam
329 490 455 529 fructu
483 488 688 527 iucundius
717 494 776 527 est
805 501 919 538 quam
949 489 1106 527 ultione.
1157 489 1206 528 ob
1236 490 1347 536 haec,
1375 488 1515 540 quibus

109 547 256 585 maiora
283 558 352 584 nec
380 558 534 598 sperare
561 557 634 583 nec
661 550 797 595 optare
826 545 871 582 311
894 545 951 583 (115
974 545 1258 584 immortalibus
1280 551 1516 596 poteramus,

108 603 247 653 gratias
280 608 406 641 actum
437 614 510 640 1105
543 602 672 639 decem
701 602 848 651 legatos
877 601 1112 652 Saguntinus
1142 607 1296 640 senatus
1325 602 1515 653 populus-

108 672 181 710 que
208 659 254 698 ad
283 671 350 696 vos
379 658 502 703 misit,
542 657 655 696 simul
685 658 932 707 gratulatum,
970 659 1071 708 quod
1109 658 1158 697 ita
1193 671 1256 696 res
1290 659 1361 697 hos
1391 670 1515 697 annos

107 716 146 754 in
174 715 356 765 Hispania
393 721 507 765 atque
536 714 641 752 Italia
681 714 877 764 gessistis,
913 715 969 753 uti
1003 715 1229 764 Hispaniam
1266 727 1346 753 non
1373 714 1514 753 Hibero

107 784 220 810 amne
241 776 374 817 tenus,
402 771 468 809 sed
500 783 573 822 qua
601 776 791 809 terrarum
822 771 976 809 ultimas
998 771 1082 809 finit
1103 771 1296 816 Oceanus,
1327 771 1514 810 domitam

108 828 225 866 armis
256 827 443 872 habeatis,
478 827 620 873 Italiae,
648 827 721 865 nisi
750 833 941 877 quatenus
969 828 1107 865 vallum
1137 833 1350 866 castrorum
1383 827 1512 877 cingit,

105 884 199 922 nihil
226 884 456 934 reliqueritis
480 883 625 922 Poeno.
668 883 747 922 Iovi
777 884 925 934 optimo
949 884 1138 931 maximo,
1171 884 1336 934 praesidi
1358 883 1514 934 Capito—

105 940 203 979 linae
226 943 345 984 arcis,
375 953 457 979 non
486 946 610 990 grates
639 945 787 978 tantum
813 940 860 978 011
889 940 983 978 haec
1004 953 1113 990 agere
1141 940 1238 978 iussi
1261 953 1417 986 sumus,
1445 940 1512 978 sed

106 997 252 1035 donum
279 997 353 1035 1100
378 997 503 1040 etiam,
526 997 558 1034 si
575 1009 642 1034 vos
660 997 946 1046 permitteretis,
968 1009 1150 1035 coronam
1174 1009 1327 1035 auream
1344 996 1381 1034 in
1400 996 1511 1046 Capi—

106 1053 243 1091 tolium
266 1053 444 1091 victoriae
461 1065 551 1102 ergo
568 1053 679 1090 ferre.
717 1054 753 1091 id
777 1054 831 1091 uti
849 1053 1077 1103 permittatis
1097 1064 1346 1103 quaesumus,
1369 1052 1512 1103 utique,

105 1109 137 1148 si
159 1109 266 1147 vobis
289 1110 340 1148 ita
358 1109 516 1155 videtur,
539 1122 634 1159 quae
656 1109 768 1147 nobis
791 1109 1046 1160 imperatores
1069 1108 1188 1147 vostri
1211 1108 1415 1147 commoda
1437 1109 1512 1147 tri-
1535 1130 1539 1134 ,

103 1166 280 1210 buerunt,
298 1179 338 1204 ea
355 1172 434 1204 rata
453 1171 567 1216 atque
585 1171 769 1216 perpetua
788 1166 1014 1204 auctoritate
1032 1171 1156 1203 vestra
1173 1165 1363 1203 faciatis“.
1398 1177 1510 1204 sena-

102 1228 165 1261 tus
188 1223 320 1272 legatis
344 1222 565 1272 Saguntinis
588 1222 792 1272 respondit
812 1228 849 1260 et
869 1222 1040 1260 dirutum
1062 1228 1097 1260 et
1118 1223 1337 1260 restitutum
1357 1222 1510 1272 Sagun-

102 1284 184 1317 tum
213 1280 298 1317 tidei
327 1279 479 1316 socialis
502 1278 697 1328 utrimque
720 1285 890 1317 servatae
913 1279 1187 1317 documentum
1213 1278 1394 1316 omnibus
1416 1290 1509 1329 gen-

102 1335 206 1373 tihus
237 1335 340 1381 fore,
377 1347 470 1372 suos
508 1334 762 1384 imperatores
799 1341 902 1373 recte
939 1341 975 1372 et
1013 1335 1148 1372 ordine
1182 1340 1219 1373 et
1245 1348 1288 1372 ex
1316 1335 1510 1373 voluntate

106 1397 264 1430 senatus
286 1391 435 1438 fecisse,
459 1391 562 1441 quod
582 1392 793 1440 Saguntum
818 1391 1059 1429 restituerint
1079 1391 1255 1441 civesque
1274 1391 1511 1441 Saguntinos

101 1448 258 1486 servitio
286 1448 515 1491 exemerint,
543 1460 715 1498 quaeque
739 1448 808 1486 alia
827 1447 881 1485 eis
899 1448 1063 1497 benigne
1079 1447 1250 1492 fecerint,
1274 1460 1316 1486 ea
1334 1453 1511 1486 senatum

100 1504 150 1543 ita
177 1504 346 1543 voluisse
373 1503 474 1551 fieri,
512 1504 657 1542 donum
694 1505 916 1554 permittere
948 1509 990 1542 ut
1019 1503 1058 1541 in
1085 1503 1274 1554 Capitolio
1305 1510 1509 1554 ponerent.

840 1640 881 1671 1111
895 1639 1072 1680 Vergleich
1088 1640 1148 1670 mit
1161 1640 1220 1670 der
1234 1638 1412 1679 Rache,als
1428 1640 1510 1671 viel-

101 1645 164 1672 etc.
185 1641 228 1672 ist
250 1641 299 1672 als
325 1641 424 1671 durch
451 1639 558 1681 Scipio
582 1640 767 1679 geschehen

841 1686 933 1716 mehr
951 1686 980 1715 in
1001 1685 1110 1716 dieser
1128 1685 1169 1715 im
1190 1684 1363 1724 Vergleich
1382 1685 1440 1716 mit
1453 1686 1506 1726 je-

101 1686 190 1716 nicht
215 1686 396 1716 besonders
421 1686 658 1717 be1·ichtet.—
681 1686 770 1716 absit

100 1732 166 1762 inv.
186 1741 226 1767 tu,
247 1740 272 1761 S.
291 1730 321 1769 9,
343 1730 398 1769 19,
422 1730 472 1760 15.
491 1748 531 1752 —
550 1741 591 1760 710
614 1741 646 1772 p.
666 1729 766 1770 quid„

101 1780 195 1807 sonst
232 1774 315 1806 fehlt
349 1774 410 1806 sed
448 1775 478 1804 in
515 1775 638 1805 diesem
672 1774 766 1805 Falle

99 1821 187 1851 nicht
212 1821 320 1851 leicht.
345 1838 387 1842 *-
412 1819 551 1850 deletam
577 1837 620 1841 —
638 1822 764 1860 weliga,

100 1876 135 1896 es
161 1866 289 1896 scheint
312 1866 369 1896 das
395 1864 453 1903 24,
477 1864 537 1903 42,
571 1865 604 1894 11
634 1864 767 1895 Berich-

97 1915 169 1942 tete
203 1911 364 1950 gemeint,
395 1910 544 1949 obgleich
575 1909 644 1940 hier
678 1910 766 1940 nicht

98 1961 216 1996 gesagt
229 1956 282 1996 ist,
301 1956 377 1986 dass
398 1955 455 1985 das
471 1954 589 1985 Gebiet
604 1955 663 1985 ‹ler
680 1954 765 1985 Tur-

98 2002 162 2032 det.
201 2001 261 2031 den
295 2000 514 2039 Saguntinern
546 2000 766 2041 zinspfliehtig

96 2046 274 2086 geworden
307 2046 371 2084 sei;
405 2056 468 2076 von
506 2045 614 2086 Scipio
650 2046 694 2076 ist
730 2055 765 2076 es

98 2092 186 2122 nicht
205 2091 364 2122 erw'ahnt.
382 2109 426 2113 —
442 2092 474 2121 1'71
493 2093 599 2132 grat„
619 2100 646 2121 5,
666 2101 692 2122 c.
712 2090 765 2129 21,

98 2136 130 2167 4.
147 2155 188 2158 -—
206 2147 271 2167 ηοη
292 2139 361 2167 tam
379 2155 417 2158 —
440 2135 573 2174 ultione,
592 2145 662 2166 man
680 2135 764 2166 kann

99 2182 159 2211 den
192 2180 371 2211 Gedankeu
402 2185 659 2212 voraussetzen:
695 2191 765 2211 wo-

98 2226 198 2257 durch
223 2225 344 2256 konnte
368 2226 477 2256 dieses
501 2236 560 2256 uns
594 2227 761 2265 3115011011-

96 2281 167 2302 mer
181 2271 263 2308 sein,
281 2271 381 2301 (1111011
396 2271 456 2300 den
471 2270 598 2301 Nutzen
615 2272 694 2302 oder
708 2271 760 2302 die

94 2315 225 2348 Ruche’?
252 2315 311 2346 Die
330 2314 574 2355 Vergleichung
592 2316 635 2347 ist
653 2317 682 2346 in
699 2316 760 2346 Be-

96 2362 238 2399 ziehung
251 2360 495 2391 aufdenselben
510 2361 582 2391 eine
597 2361 760 2402 duppelte,

95 2407 154 2438 der
170 2406 378 2447 Comparativ
397 2406 546 2436 zweinial
562 2416 602 2436 zu
616 2406 760 2436 denken:

96 2451 185 2493 quod
199 2462 264 2482 non
281 2454 348 2482 lam
363 2452 485 2492 frus-ta
499 2450 678 2482 iucundius
688 2452 762 2491 fecit

95 2507 193 2538 quam
214 2496 420 2535 11lt1'0110‚sed
436 2498 548 2539 potius
567 2496 689 2527 ultione
706 2498 758 2527 ία-

97 2541 239 2573 cunde'us
268 2552 365 2583 quam
386 2543 524 2582 fructu:
551 2539 609 2571 der
637 2542 758 2571 hiihere

98 2585 185 2618 Grad
205 2587 263 2617 der
277 2586 632 2618 Annelnnlichkeithat
646 2586 758 2616 seinen

97 2630 209 2662 Grund
228 2632 316 2663 nicht
333 2632 457 2662 sowohl
484 2632 514 2662 in
539 2632 610 2662 dem
628 2630 758 2662 Nutzen

842 1741 925 1769 110111,
945 1741 970 1761 5.
991 1730 1057 1761 Cic.
1076 1729 1183 1761 Deiot.
1209 1729 1246 1766 3,
1272 1732 1307 1760 S:
1329 1729 1507 1762 dea-teram

841 1778 934 1806 taam
956 1786 1020 1806 non
1047 1778 1114 1806 tam
1135 1777 1167 1805 in
1187 1774 1278 1805 bellis
1296 1793 1338 1796 —
1356 1786 1456 1816 quam
1473 1778 1507 1807 in

836 1821 1020 1863 pramis-sis
1030 1821 1237 1860 firmiorem.

888 1864 975 1895 13-
990 1864 1039 1895 16.
1064 1864 1186 1895 Zweck
1206 1865 1264 1895 der
1283 1863 1504 1904 8001101115.-

838 1910 942 1941 sinml
953 1909 1101 1951 gralul„
1133 1920 1160 1940 s.
1186 1909 1238 1949 25,
1258 1908 1310 1948 39,
1329 1909 1366 1948 ὃς
1402 1910 1432 1950 2,
1451 1909 1504 1947 3ῖ,

839 1955 875 1993 3,
897 1956 926 1995 5,
945 1954 999 1995 35,
1018 1954 1056 1992 S,
1077 1953 1129 1996 27,
1149 1955 1223 1993 5,1.
1248 1972 1293 1977 —
1309 1955 1370 1986 hos
1387 1965 1504 1995 annos,

837 1999 1055 2040 5.0.13,10.
1073 2018 1115 2021 ——
1134 2001 1193 2037 uti,
1219 2010 1245 2031 s.
1264 1999 1321 2041 34,
1340 2000 1392 2038 22,
1413 2000 1445 2031 6.
1464 2019 1505 2023 —

837 2045 899 2077 secl
915 2056 993 2087 qua:
1024 2045 1166 2075 sondern
1186 2044 1234 2075 bis
1253 2045 1361 2083 dahin‚
1381 2055 1443 2077 wo.
1462 2063 1505 2068 —

837 2094 919 2122 terr.
935 2091 1054 2129 (Μίνω,
1073 2100 1098 2120 s.
1118 2089 1168 2129 10,
1187 2090 1216 2127 2,
1239 2090 1274 2129 73
1295 2090 1386 2122 Curt.
1401 2090 1431 2131 9,
1451 2090 1504 2130 38,

835 2135 871 2166 3:
908 2135 1133 2167 validissimas
1163 2136 1312 2166 nariam.
1346 2153 1386 2157 -
1414 2136 1504 2177 finit,

834 2181 931 2212 ihnen
956 2181 1027 2211 eine
1048 2180 1195 2219 Grenze,
1231 2181 1281 2210 ein
1305 2180 1379 2211 Ziel
1403 2185 1501 2212 setzt.

834 2244 878 2249 —
898 2225 1038 2269 Capitol.
1056 2236 1142 2265 mc,
1174 2225 1217 2255 ist
1235 2226 1306 2256 hier
1323 2226 1380 2256 das
1398 2236 1502 2265 ganze

835 2270 974 2312 Capitol,
993 2271 1030 2301 da
1050 2271 1108 2301 der
1125 2269 1260 2311 Tempe}
1280 2271 1336 2301 des
1351 2271 1503 2313 Juppiter

834 2317 920 2347 nicht
940 2314 997 2347 auf
1012 2316 1070 2346 der
1086 2326 1146 2346 arx
1165 2316 1271 2356 stand,
1297 2326 1322 2346 5.
1346 2315 1370 2356 1,
1394 2317 1444 2354 11,
1463 2318 1501 2355 (133

833 2362 875 2393 ib.
896 2361 948 2399 38,
970 2361 1081 2401 7,vg1.
1101 2360 1178 2391 Tae.
1197 2360 1234 2391 H.
1254 2360 1285 2399 4,
1304 2360 1362 2391 53:
1390 2360 1500 2393 [orem

834 2407 994 2438 lunonem
1034 2405 1219 2437 Minervam
1263 2406 1503 2449 praesidesque

835 2454 971 2494 imperii
994 2451 1074 2482 deos
1097 2454 1268 2494 precatus.
1293 2470 1335 2474 —-
1356 2455 1447 2492 rata,
1473 2463 1498 2483 s.

832 2497 885 2535 28,
905 2496 957 2535 31,
980 2497 1030 2527 lt).

883 2542 1035 2573 17—21.
1071 2543 1253 2583 utrimque,
1286 2552 1348 2572 von
1384 2542 1498 2573 beiden

835 2587 983 2618 Staaten.
1016 2605 1058 2608 —
1092 2590 1181 2618 recle
1199 2589 1231 2617 et
1249 2597 1309 2624 mu,
1330 2597 1355 2618 s,
1374 2587 1427 2627 24,
1446 2587 1499 2626 31,

834 2632 871 2669 73
889 2637 983 2663 soust
1001 2632 1080 2663 wird
1099 2643 1143 2663 ex
1159 2632 1221 2664 vol.
1235 2643 1304 2664 sen.
1323 2633 1410 2664 nicht
1428 2632 1497 2664 hin-

1547 381 1587 414 13

1547 663 1589 697 14

1545 834 1584 866 15

1544 1003 1584 1036 26

1543 1175 1582 1207 17

1542 1344 1581 1377 18
