1784 2967
502 259 629 292 LIBER
652 259 793 292 XXVII.
841 259 935 292 CAP.
963 260 1015 292 25.
1041 259 1095 292 26.
1453 262 1505 301 67

99 278 126 296 a.
148 270 201 295 Ch.
216 269 278 294 208.

98 363 320 402 admoverat
336 362 480 413 copias,
496 367 534 401 et
548 362 747 413 conlegam
764 361 942 400 eduxisse
959 361 1034 401 iam
1051 362 1096 401 ab
1113 362 1280 402 Venusia
1296 363 1506 403 exercitum

97 419 197 458 fama
224 423 322 466 erat,
352 419 411 458 cui
434 419 615 469 coniungi
643 418 806 457 volebat.
848 418 977 469 itaque
1006 419 1044 457 iu
1066 419 1243 470 Apuliam
1272 433 1315 458 ex
1346 420 1505 459 Bruttiis
1536 426 1576 459 13

97 475 281 521 reditum,
319 480 357 513 et
390 475 489 514 inter
518 475 724 514 Venusiam
753 475 1006 525 Bantiamque
1037 476 1167 514 minus
1196 477 1313 515 trium
1344 476 1505 516 millium

98 543 285 583 passuum
304 531 502 570 intervallo
520 531 699 570 consules
718 531 817 570 binis
835 531 970 570 castris
988 532 1257 571 consederant.
1289 532 1328 571 in
1346 533 1505 572 eandem
1537 539 1578 571 14

97 588 296 638 regionem
327 592 364 626 et
385 587 570 626 Hannibal
591 588 702 626 rediit
721 600 856 626 averso
879 587 925 625 ab
948 587 1081 626 Locris
1104 588 1215 627 bello.
1253 588 1304 627 ibi
1327 589 1506 628 consules

97 645 211 683 ambo
234 644 387 694 Ingenio
409 644 558 682 feroces
581 657 705 695 prope
726 644 865 683 cotidie
886 644 926 682 in
948 644 1025 682 acie
1048 649 1148 682 stare
1170 645 1271 683 haud
1291 645 1404 684 dubia
1423 658 1506 696 spe,

97 701 129 740 si
157 700 308 739 duobus
325 700 554 739 exercitibus
579 701 850 740 consularibus
873 700 1014 739 iunctis
1039 701 1304 740 commisisset
1325 714 1410 740 sese
1433 702 1506 740 ho-

98 757 179 801 stis,
199 756 377 795 debellari
398 769 527 807 posse.

210 813 399 852 Hannibal
415 813 501 864 quia
524 826 611 852 eum
634 813 808 852 Marcello
837 812 894 851 bis
916 812 1046 863 priore
1067 825 1168 851 anno
1191 826 1427 864 congressus
1450 814 1505 852 vi-
1537 813 1590 851 26

98 874 202 908 cerat
232 869 432 920 victusque
463 875 562 915 erat,
594 874 655 916 ut,
684 882 770 908 cum
801 869 937 908 eodem
962 869 993 907 si
1017 869 1280 908 dimicandum
1302 870 1413 916 foret,
1437 882 1508 909 nec

96 938 206 977 spem
236 938 308 964 nec
328 931 476 965 metum
508 939 552 964 ex
584 938 682 965 vano
706 926 882 971 haberet,
910 926 960 964 ita
983 925 1135 964 duobus
1159 926 1383 965 consulibus
1405 927 1505 965 haud

96 995 288 1033 quaquam
308 995 392 1020 sese
415 995 546 1033 parem
569 983 740 1021 futurum
765 982 952 1021 credebat.
994 982 1120 1032 itaque
1141 987 1246 1021 totus
1270 983 1307 1020 in
1331 995 1420 1022 suas
1443 995 1505 1021 ar·
1538 990 1556 1021 2

95 1041 145 1077 tis
174 1051 308 1077 versus
343 1039 492 1077 insidiis
524 1039 652 1077 locum
686 1039 902 1090 quaerebat.
951 1038 1043 1076 levia
1071 1043 1201 1077 tamen
1231 1039 1377 1089 proelia
1406 1039 1506 1077 inter
1537 1045 1556 1075 3

95 1095 183 1133 bina
213 1100 335 1133 castra
363 1095 466 1133 vario
496 1100 633 1134 eventu
663 1095 819 1142 fiebant3
857 1094 995 1144 quibus
1025 1107 1113 1132 cum
1142 1094 1288 1133 extrahi
1322 1099 1502 1133 aestatem

96 1163 214 1202 posse
237 1151 415 1189 consules
438 1152 656 1196 crederent,
678 1150 797 1190 nihilo
820 1151 950 1189 minus
975 1151 1194 1201 oppugnari
1217 1151 1363 1189 Locros
1386 1164 1505 1202 posse

93 1207 178 1252 rati,
201 1208 241 1247 L.
265 1207 408 1254 Cincio,
433 1213 473 1246 ut
489 1220 531 1246 ex
551 1208 675 1246 Sicilia
692 1208 838 1246 Locros
857 1220 945 1246 cum
964 1207 1083 1245 classe
1099 1207 1286 1252 traiceret,
1309 1207 1504 1254 scribunt,

94 1268 130 1302 et
150 1268 193 1302 ut
214 1264 259 1301 ab
282 1268 382 1302 terra
405 1276 559 1314 quoque
582 1264 798 1314 oppugnari
816 1263 967 1302 moenia
989 1268 1161 1314 possent,
1184 1276 1204 1302 a
1223 1263 1390 1302 Tarento
1413 1276 1503 1314 par-
1534 1269 1554 1299 4

92 1324 169 1358 tem
197 1321 403 1365 exercitus,
438 1320 500 1370 qui
530 1320 567 1358 in
600 1320 792 1370 praesidio
823 1325 920 1365 erat,
951 1320 1036 1358 ‹luci
1065 1332 1109 1357 eo
1139 1320 1347 1358 iusserunt.
1391 1333 1433 1358 ea
1454 1320 1504 1359 ita
1534 1324 1552 1353 5

91 1376 218 1415 futura
250 1388 319 1426 per
346 1376 535 1426 quosdam
569 1376 766 1414 Thurinos
796 1380 979 1426 conperta
1008 1376 1325 1418 Hannibalicum
1357 1381 1500 1421 essent,

95 1432 212 1471 mittit
240 1433 286 1471 ad
315 1432 558 1471 insidendam
585 1433 630 1471 ab
654 1433 820 1471 Tarento
850 1433 961 1470 viam.
1003 1432 1054 1470 ihi
1076 1432 1149 1470 sub
1170 1433 1320 1470 tumulo
1345 1432 1505 1471 Peteliae

95 1501 182 1527 MMM
199 1489 371 1540 equitum
397 1489 473 1527 duo
496 1489 668 1539 peditum
690 1489 728 1528 in
752 1489 901 1528 occulto
924 1489 1063 1536 locata;
1085 1489 1124 1527 in
1148 1501 1243 1539 quae
1264 1489 1504 1539 inexplorato
1537 1493 1555 1524 6

142 1645 295 1677 13—14.
320 1645 571 1687 Bmztlamq.,j.
592 1646 708 1685 Banzi,
735 1647 765 1677 iu

95 1690 236 1732 Apulien
262 1691 427 1722 zwischen
452 1690 586 1722 venosa
611 1692 676 1722 und
701 1692 767 1733 Op-

68 1735 71 1737 ’
96 1736 190 1776 pido;
211 1736 291 1766 nach
310 1735 464 1766 Andercn
483 1736 513 1766 in
529 1736 707 1767 Lucanien.
724 1755 766 1759 —

96 1780 326 1818 consederant,
345 1781 374 1811 in
395 1781 506 1818 Bezug
522 1779 580 1811 auf
595 1781 704 1812 rediit.
724 1799 764 1803 —

96 1835 226 1862 averso,
241 1826 317 1856 weil
332 1826 398 1856 sich
415 1826 473 1856 der
486 1824 597 1865 Hrieg,
612 1827 691 1857 nach
709 1827 768 1857 der

95 1870 293 1910 Aulhebung
306 1870 579 1910 dersselagerung
592 1881 654 1901 von
670 1871 768 1902 Locri

95 1915 315 1955 abgewendet
346 1917 410 1946 hat.
436 1934 477 1937 —
503 1918 667 1957 commis.,
699 1916 767 1947 sich

95 1961 155 1991 mit
183 1961 278 1991 ihnen
309 1961 494 2001 einlassen,
523 1971 559 1991 es
589 1961 647 1992 mit
671 1961 766 1991 ihnen

77 2005 292 2036 -aufnehmen
312 2006 437 2038 wijrde.

140 2044 209 2081 26.
239 2050 302 2081 1-—
315 2050 346 2082 2.
374 2052 424 2082 bis
442 2051 519 2090 geht
537 2061 599 2081 nur
615 2049 675 2081 auf
685 2061 765 2081 con—

92 2105 246 2137 gressus.
266 2115 308 2118 —-
326 2098 365 2128 ut
381 2114 424 2118 —-
442 2097 504 2135 z'ta,
525 2095 562 2126 21
577 2120 584 2131 ,
604 2095 657 2135 29,
676 2096 707 2126 4.
723 2113 767 2117 -

96 2151 142 2171 eoe
162 2158 206 2163 ——
230 2150 330 2179 vano,
356 2151 444 2181 „aus
469 2142 528 2171 der
546 2139 623 2171 Luft
640 2139 766 2180 gegrif—

96 2183 184 2225 fen“,
204 2196 229 2216 s.
248 2185 279 2223 2,
298 2185 350 2222 37,
370 2185 399 2216 8.
417 2204 460 2208 —
478 2186 615 2217 haberet
629 2187 684 2217 hat
699 2186 765 2216 sich

96 2230 366 2261 wahrscheinlich
385 2232 537 2271 anforet
552 2231 766 2270 angeschlos-

98 2284 169 2313 sen,
183 2285 234 2305 um
252 2275 333 2305 auch
349 2275 406 2305 das
419 2275 574 2314 Bedingte
589 2275 638 2306 als
654 2275 765 2307 blosse

97 2319 265 2351 Annahme
295 2330 336 2350 zu
360 2319 576 2359 bezeichnen,
607 2331 633 2351 s.
660 2319 766 2362 praef.

99 2364 150 2395 13.
186 2364 287 2396 Gron.
306 2365 669 2405 ve1·1nutl1etl1abebal:;
695 2370 768 2396 ent-

97 2410 281 2451 sp'rechend
311 2409 468 2441 credebat
491 2410 531 2440 im
556 2410 667 2449 Folg.,
699 2410 765 2449 νίς-1.

96 2454 150 2495 28,
170 2454 229 2494 33,
249 2455 279 2485 9.
300 2473 341 2476 —
361 2458 469 2493 tolus,
496 2455 547 2484 ein
566 2454 767 2497 Adverhjum

97 2499 187 2540 giebt
205 2510 239 2530 es
258 2500 355 2530 nicht.
374 2510 527 2535 —.s·11as,
547 2510 572 2530 s.
592 2500 645 2538 21,
661 2499 712 2541 34,
732 2500 765 2531 1:

97 2546 170 2576 suis
187 2546 329 2583 artibus,
345 2545 471 2585 fraude
488 2547 521 2575 et
536 2545 688 2579 insidiis,
714 2545 766 2584 22,

102 2589 151 2628 16,
168 2590 198 2620 5.
217 2590 344 2630 Appian
362 2590 447 2621 iiisst
462 2590 664 2621 irrthiimlich
679 2589 769 2620 Mar-

99 2634 203 2665 cellus
222 2635 293 2666 eine
312 2635 466 2667 Schlacht
483 2635 622 2665 meiden.

144 2679 254 2711 3-6.
283 2682 409 2721 tamen,
437 2680 586 2720 obgleich
607 2679 767 2711 Hannibal

841 1646 892 1677 ein
924 1645 1048 1676 offenes
1080 1639 1228 1677 Gefecht'
1249 1656 1289 1676 zu
1319 1646 1509 1677 vermeiden

841 1691 968 1721 suchte.
988 1709 1030 1713 —
1052 1691 1202 1732 extrahi,
1228 1701 1255 1721 s.
1275 1690 1312 1728 4,
1339 1690 1398 1729 43,
1417 1690 1448 1722 S.
1467 1709 1510 1712 —

841 1735 970 1775 Cincio,
996 1745 1022 1766 s.
1047 1746 1073 1766 c.
1101 1736 1137 1774 S,
1170 1736 1302 1766 wiewol
1328 1736 1390 1766 ihm
1415 1746 1441 1766 c.
1468 1735 1509 1766 22

841 1781 898 1811 das
924 1781 1093 1821 imperium
1126 1781 1215 1811 nicht
1238 1780 1432 1819 verliingert
1456 1780 1510 1821 ist,

840 1825 967 1856 scheint
986 1835 1022 1855 er
1040 1826 1121 1856 doch
1142 1826 1222 1855 noch
1242 1825 1273 1855 in
1294 1825 1352 1855 der
1366 1824 1509 1856 Proviuz

839 1879 1006 1909 gewesen,
1024 1870 1092 1900 sein
1108 1868 1310 1909 Nachfolger
1324 1870 1404 1900 nach
1418 1880 1445 1900 e.
1456 1869 1509 1908 29,

840 1914 877 1956 4,
901 1916 1099 1954 ungeachtet
1121 1915 1181 1945 der
1199 1914 1334 1954 Angabe
1358 1924 1385 1945 c.
1405 1913 1458 1954 23,
1480 1914 1508 1954 1,

841 1960 921 1990 noch
942 1960 1031 1990 nicht
1050 1960 1143 1990 dahin
1164 1960 1356 2000 gekommcn
1372 1969 1411 1989 zu
1427 1959 1509 1990 sein.

841 2004 950 2036 Ueber
975 2004 1108 2035 Cincius
1133 2015 1160 2035 s.
1185 2004 1239 2044 21,
1260 2004 1312 2043 38,
1332 2004 1362 2034 2.
1381 2021 1426 2026 ——
1443 2004 1510 2045 qui,

840 2050 898 2080 das
918 2050 987 2080 hds.
1007 2061 1091 2091 quae
1108 2050 1209 2080 liesse
1229 2049 1296 2080 sich
1317 2049 1511 2079 nurdaraus

841 2094 1009 2134 erkl'a'rcn,
1028 2096 1104 2125 dass
1124 2095 1174 2124 ein
1192 2093 1288 2125 Thcil
1307 2095 1364 2125 des
1383 2093 1510 2124 Hceres

840 2140 881 2170 im
901 2138 1039 2170 Gcbiete
1058 2140 1116 2170 der
1130 2139 1336 2170 Sallentiner
1353 2138 1513 2169 vertheilt

839 2195 996 2224 gewesen
1020 2185 1129 2223 ware,
1155 2194 1181 2214 s.
1207 2195 1234 2214 c.
1259 2183 1316 2221 22,
1343 2183 1379 2221 2,
1410 2182 1510 2213 allein

840 2229 1035 2260 schwerlich
1066 2230 1110 2259 ist
1136 2227 1262 2259 Tarcnt
1291 2229 1373 2258 ohne
1397 2227 1512 2258 Besat-

841 2284 926 2314 zung
944 2273 1095 2313 gelassen
1122 2273 1255 2304 worden
1269 2297 1277 2312 ,
1302 2283 1328 2304 s.
1348 2284 1374 2303 c.
1395 2272 1454 2312 25,
1479 2271 1510 2311 2,

839 2330 878 2350 an
904 2330 934 2351 u.
955 2318 1002 2350 St.
1028 2318 1118 2350 viell.
1145 2320 1202 2359 (μα’
1221 2319 1267 2348 sbi
1289 2329 1329 2348 zu
1349 2317 1452 2347 lesen.
1467 2334 1511 2339 —-

840 2375 879 2395 ecc
897 2383 938 2387 ——m
957 2366 1118 2405 conperta
1136 2365 1257 2399 causent,
1277 2363 1342 2402 vgl.
1359 2373 1386 2393 c..
1411 2362 1439 2402 1,
1459 2361 1510 2392 14.

840 2409 905 2440 Cic.
927 2409 998 2440 Fin.
1018 2409 1056 2443 3,
1078 2409 1111 2445 7,
1131 2407 1187 2437 23:
1205 2409 1356 2438 'nmmos-a
1371 2425 1415 2429 —
1431 2406 1512 2437 (lata

840 2466 914 2486 esse
937 2455 1155 2496 apparatum
1182 2452 1222 2482 ib.
1242 2453 1280 2491 5,
1306 2452 1364 2490 21,
1389 2451 1448 2482 58:
1472 2454 1512 2482 ut

837 2499 935 2542 plane
953 2498 1065 2540 (simlia
1077 2500 1145 2528 ssu!
1157 2497 1408 2538 ‘l'nlelltgantnm
1428 2496 1509 2527 Sall.

840 2544 863 2576 I.
888 2544 949 2583 49,
975 2544 1006 2573 2.
1031 2561 1074 2564 —
1096 2542 1252 2579 I’elelt'ae,
1278 2552 1303 2572 s.
1323 2541 1382 2579 23,
1401 2541 1460 2580 20,
1480 2541 1510 2579 4,

841 2589 892 2620 dic
917 2589 1051 2619 Sti-asse
1081 2586 1190 2617 fiihrlc
1215 2598 1253 2617 an
1280 2588 1390 2617 dieser
1414 2586 1511 2617 Stadt

840 2634 905 2665 hin.
924 2652 965 2655 —
984 2632 1121 2674 [nea'ph
1141 2643 1167 2663 s.
1187 2631 1238 2670 21,
1259 2631 1311 2670 25,
1331 2631 1362 2662 9.
1380 2649 1423 2653 -
1441 2630 1508 2662 sal-

838 2682 937 2720 tus-q„
956 2679 1016 2709 der
1033 2677 1242 2719 Apenninen,
1260 2687 1301 2708 an
1319 2677 1420 2708 deren
1439 2675 1510 2707 Ab-

1194 2732 1241 2763 5*
