1784 2967
43 880 83 911 10

8 1169 19 1204 ς’
46 1166 83 1197 15

41 1446 84 1477 20

111 281 137 298 a.
153 272 206 299 ch.
222 273 283 297 210.
577 261 705 294 LIBER
721 261 848 294 XXVI.
881 261 973 294 CAP.
992 263 1045 295 41.

1432 262 1506 302 301

109 366 184 405 hus
205 364 294 412 afui,
316 365 480 404 maxime
502 377 604 404 unus
627 363 802 403 omnium
823 376 886 403 eas
908 364 1024 402 sensi.
1068 364 1216 411 Trebia,
1239 365 1514 410 Trasumenus,

111 422 262 461 Cannae
300 422 390 472 quid
428 421 527 461 aliud
560 426 650 460 sunt
682 433 796 471 quam
830 427 1081 459 monumenta
1113 422 1335 460 occisorum
1367 421 1512 460 exerci-

110 484 193 518 tum
216 478 499 529 consulumque
518 474 817 516 Romanorum?
849 476 945 515 adde
967 476 1219 515 defectionem
1241 478 1384 524 Italiae,
1413 477 1511 516 Sici-

111 536 182 574 liae
208 535 367 573 maioris
394 534 528 585 partis,
557 533 771 580 Sardiniae3
803 533 898 572 adde
922 533 1097 571 ultimum
1119 538 1308 572 terrorem
1329 547 1373 573 ac
1393 546 1512 584 pavo—

112 604 213 638 rem,
241 596 362 630 castra
383 590 526 629 Punica
549 590 646 629 inter
666 590 852 629 Anienem
875 602 917 628 ac
938 589 1090 627 moenia
1112 589 1285 628 Romana
1306 591 1450 640 posita,
1478 598 1513 629 et

113 648 236 687 visum
267 659 390 698 prope
416 647 455 686 in
482 646 607 698 portis
636 647 821 685 victorem
850 646 1123 684 Hannibalem:
1152 669 1208 673 ——
1239 646 1276 684 in
1305 647 1378 685 hac
1403 648 1513 685 ruina

111 717 241 744 rerum
270 704 375 742 stetit
400 715 475 742 una
501 704 647 753 integra
676 708 788 754 atque
810 702 1019 741 immobilis
1042 702 1160 740 virtus
1184 703 1317 753 populi
1338 703 1513 747 Romani,

112 762 205 800 haec
231 759 360 799 omnia
388 765 505 799 strata
531 761 640 799 humi
668 760 786 798 erexit
812 772 856 798 ac
883 759 1047 797 sustulit.
1089 771 1158 797 vos
1186 759 1361 797 omnium
1390 759 1515 809 primi,

111 817 264 863 milites,
287 821 379 868 post
397 816 637 856 Cannensem
660 817 807 855 cladem
828 815 978 854 vadenti
999 815 1227 853 Hasdrubali
1249 815 1295 853 ad
1317 815 1421 866 Alpis
1437 816 1514 854 lta—

111 874 292 924 fiamque,
323 874 386 924 qui
413 873 445 912 si
473 886 513 912 se
541 887 628 912 cum
656 874 771 912 fratre
793 872 1077 919 coniunxisset,
1106 871 1252 910 nullum
1274 872 1348 909 iam
1370 883 1514 910 nomen

111 935 215 969 esset
235 930 368 981 populi
389 930 567 977 Romani,
589 931 704 968 ductu
727 929 978 980 auspicioque
998 928 1119 978 patris
1142 927 1216 966 mei
1235 928 1458 975 obstitistis;
1480 935 1516 967 et

110 988 180 1026 hae
209 987 397 1025 secundae
423 999 484 1025 res
517 987 596 1025 illas
624 987 802 1025 adversas
831 986 1112 1024 sustinuerunt.
1152 996 1256 1022 nunc
1282 984 1515 1035 benignitate

113 1044 226 1082 deum
250 1043 379 1081 omnia
400 1043 579 1089 secunda,
602 1055 802 1093 prospera,
823 1043 861 1080 in
879 1042 959 1079 dies
976 1041 1134 1079 laetiora
1151 1053 1194 1079 ac
1210 1040 1366 1078 meliora
1384 1042 1423 1079 in
1440 1041 1515 1080 Ita—

114 1100 161 1138 lia
183 1099 385 1150 Siciliaque
407 1105 611 1150 geruntur3
633 1099 672 1137 in
694 1098 818 1137 Sicilia
842 1099 1053 1150 Syracusae
1075 1096 1323 1147 Agrigentum
1347 1102 1514 1148 captum,

117 1156 216 1207 pulsi
244 1161 324 1195 tota
351 1156 475 1194 insula
502 1157 636 1195 hostes
664 1160 892 1206 receptaque
919 1153 1114 1204 prov1ncia
1139 1153 1177 1191 in
1206 1153 1356 1191 dicione
1383 1155 1515 1204 populi

112 1212 276 1251 Romani
307 1218 381 1258 est,
413 1212 452 1250 in
479 1213 580 1251 Italia
603 1212 697 1263 Arpi
718 1211 884 1262 recepti,
914 1211 1041 1261 Capua
1070 1215 1195 1260 capta,
1227 1210 1298 1248 iter
1327 1222 1442 1248 omne
1469 1210 1514 1248 ah

114 1269 205 1307 urbe
226 1268 348 1306 Roma
374 1269 523 1318 trepida
544 1269 633 1319 fuga
661 1280 844 1306 emensus
868 1267 1055 1305 Hannibal
1082 1266 1121 1304 in
1150 1272 1363 1305 extremum
1391 1278 1514 1317 angu-

111 1325 190 1364 lum
213 1325 292 1375 agri
313 1324 451 1363 Bruttii
474 1325 685 1376 conpulsus
707 1325 801 1362 nihil
822 1324 895 1362 iam
919 1324 1043 1362 maius
1065 1328 1243 1373 precatur
1264 1322 1377 1369 deos,
1400 1336 1515 1374 quam

112 1387 155 1420 ut
175 1381 360 1419 incolumi
383 1381 517 1420 cedere
538 1387 652 1432 atque
673 1381 777 1419 abire
798 1394 841 1419 ex
864 1380 1037 1418 hostium
1060 1385 1159 1418 terra
1181 1380 1300 1419 liceat.
1337 1380 1427 1430 quid
1445 1380 1516 1429 igi-

114 1443 177 1476 tur
198 1438 327 1476 minus
352 1438 564 1485 conveniat,
587 1438 740 1484 milites,
763 1450 890 1488 quam,
914 1449 1002 1475 cum
1024 1436 1116 1474 aliae
1138 1448 1256 1486 super
1277 1436 1369 1474 alias
1392 1436 1516 1474 clades·

113 1494 417 1540 cumularentur,
447 1507 490 1533 ac
520 1495 557 1533 di
584 1507 707 1546 prope
734 1495 809 1546 ipsi
831 1506 917 1532 cum
940 1492 1150 1531 Hannibale
1173 1497 1338 1539 starent,
1366 1505 1434 1530 vos
1456 1492 1518 1531 hic

114 1564 201 1591 cum
228 1550 453 1602 parentibus
483 1552 578 1590 meis
599 1575 652 1578 —-
681 1556 893 1602 aequentur
914 1550 1018 1589 enim
1039 1549 1152 1588 etiam
1175 1549 1325 1587 honore
1345 1549 1517 1587 nominis

113 1643 178 1673 wol
196 1642 320 1681 Ablat.,
335 1653 362 1673 s.
378 1642 409 1682 9,
424 1642 477 1681 44,
494 1642 529 1674 2;
548 1643 630 1674 bello
643 1644 778 1680 abesse;

114 1687 166 1728 24,
192 1687 222 1727 3,
251 1687 281 1726 3,
306 1687 374 1727 vgl.
393 1698 433 1718 zu
459 1687 511 1727 33,
534 1688 584 1727 15,
603 1687 640 1725 63
675 1698 710 1718 es
735 1688 779 1719 ist

114 1733 271 1763 zun'a'chst
288 1733 339 1763 die
356 1732 556 1772 Niederlage
581 1733 611 1763 in
637 1733 779 1774 Spanien

114 1778 268 1816 gemeint.
293 1795 338 1799 —
359 1780 587 1817 monumenta,
611 1788 639 1808 s.
664 1777 723 1817 24,
748 1777 780 1817 8,

115 1822 168 1853 20.
187 1841 230 1844 —
246 1822 332 1853 adde
356 1823 438 1852 ohne
456 1822 535 1859 lmc,
562 1823 706 1853 welches
733 1822 781 1854 oft

115 1868 298 1905 hiezutritt,
315 1867 445 1898 bezielit
459 1867 526 1898 sich
542 1868 622 1907 hier,
638 1868 700 1898 wie
715 1878 781 1909 age

115 1923 142 1944 c.
163 1912 213 1949 13,
234 1913 263 1952 7,
281 1911 341 1943 aus
354 1913 504 1944 mehrere
528 1913 593 1943 und
612 1913 701 1944 dient
719 1914 779 1944 der

114 1956 335 1997 Aufziihlung,
358 1958 560 1997 Anreihung.
578 1976 622 1980 -—
638 1959 779 1989 maioris

112 2013 156 2046 μ,
171 2003 242 2034 dem
256 2004 434 2043 griisseren
446 2002 560 2034 Theile
575 2003 673 2042 nach;
692 2004 782 2034 nicht

113 2048 214 2079 allein
233 2048 398 2090 Syracus,
423 2048 567 2079 sondern
591 2049 672 2079 auch
691 2048 780 2079 viele

115 2093 232 2125 St'aidte
250 2094 309 2124 der
321 2093 410 2124 alten
425 2092 580 2125 Provinz.
592 2111 636 2115 —
649 2095 681 2124 in
697 2103 779 2136 por-

117 2139 171 2179 tis,
191 2148 218 2169 s.
236 2148 264 2168 c.
286 2137 336 2177 10,
355 2137 385 2168 3.
404 2156 447 2160 —
462 2140 570 2177 ruina,
590 2148 615 2169 s.
631 2137 682 2179 25,
697 2138 728 2178 4,
744 2138 780 2170 2:

115 2184 218 2214 ruina
229 2184 342 2222 urbis,-
358 2182 411 2222 23,
423 2183 476 2221 25,
487 2183 525 2222 ὃς
541 2183 720 2216 Εἰηίθὶῐ.8.
732 2183 782 2215 17.

116 2245 160 2250 -—
183 2226 277 2267 Ital„
305 2228 370 2258 und
400 2238 492 2259 zwar
520 2229 601 2259 nach
631 2228 688 2268 It.;
722 2239 784 2260 zur

117 2272 222 2303 Sache
248 2282 275 2304 s,
293 2271 347 2312 23,
374 2272 426 2304 2S.
450 2291 495 2295 ——
515 2275 637 2315 patris,
662 2284 689 2304 s.
707 2284 733 2305 c.
753 2274 782 2315 2,

116 2317 148 2348 5.
165 2335 210 2340 —
226 2317 298 2355 hae,
318 2327 385 2347 was
404 2318 454 2348 ihr
472 2318 543 2349 hier
555 2319 676 2358 gethan
694 2319 782 2360 habt,

115 2363 171 2394 hat
188 2362 339 2403 bewirkt,
365 2363 440 2394 dass
458 2362 538 2394 Rom
562 2363 650 2395 nicht
665 2369 782 2396 unter-

116 2407 180 2448 lag,
198 2407 261 2438 wie
279 2418 314 2439 es
339 2408 524 2448 geschehen
548 2408 654 2447 wiire,
685 2419 781 2440 wenn

118 2452 304 2484 Hasdrubal
338 2453 451 2484 seinen
475 2452 556 2484 Plan
588 2452 784 2493 ausgeffihrt

117 2498 222 2530 hatte.
282 2497 478 2538 Uebergang
523 2508 596 2529 zum
641 2499 783 2531 zweiten

117 2541 213 2574 Theil
242 2543 299 2575 des
328 2543 508 2575 Beweises:
557 2543 623 2575 Das
656 2543 783 2585 jetzige

119 2586 226 2620 Gliick
243 2599 332 2620 muss
352 2587 443 2620 Muth
467 2589 602 2620 macheu
625 2599 666 2620 zu
686 2591 784 2630 griis-

119 2642 216 2665 seren
235 2633 557 2674 Unternehmungen.

165 2677 306 2711 15—16.
333 2681 535 2722 Agrigent„
560 2679 670 2712 dieses
693 2680 784 2712 hatto

853 1652 916 1672 nur
939 1645 1057 1681 gesagt
1083 1641 1216 1671 werden
1242 1640 1390 1680 konnen,
1421 1650 1516 1671 wenn

853 1687 904 1718 die
935 1686 1023 1717 Rede
1054 1686 1168 1727 spiiter
1197 1686 1350 1725 gehalten
1382 1686 1515 1716 worden

852 1732 954 1771 ware,
973 1730 1070 1772 vgl.§
1093 1731 1105 1761 1
1123 1742 1154 1762 u.
1170 1731 1264 1770 c.—1l),
1283 1730 1442 1761 1.—t0ta
1459 1732 1518 1770 in„

853 1777 915 1808 wie
939 1776 992 1815 24,
1018 1776 1071 1815 40,
1100 1776 1156 1806 12:
1181 1777 1304 1807 castris
1325 1775 1457 1817 pellere.
1474 1794 1519 1797 —

852 1822 949 1864 Ανρί,
981 1821 1054 1852 eine
1083 1821 1160 1852 sehr
1188 1820 1393 1851 bedeutende
1423 1820 1520 1851 stadt

853 1867 1024 1908 Apuliens,
1059 1876 1085 1896 s.
1116 1865 1170 1904 24,
1199 1866 1252 1904 45,
1282 1866 1346 1896 und
1375 1865 1518 1896 dadurch

851 1911 993 1953 Apulien
1011 1910 1126 1947 selbst,
1146 1921 1182 1942 so
1201 1911 1276 1942 dass
1295 1910 1332 1941 H.
1347 1908 1406 1941 auf
1421 1911 1519 1941 Brut-

852 1958 931 1988 tium
951 1955 1151 1987 beschriinkt
1174 1956 1227 1996 ist,
1253 1966 1279 1986 s.
1303 1965 1330 1986 c.
1356 1955 1408 1994 38,
1428 1955 1458 1987 2.
1476 1973 1519 1977 -

853 2004 982 2045 recepti
998 2002 1059 2032 wie
1078 2012 1106 2032 c.
1126 2000 1179 2041 40,
1201 2000 1252 2032 13.
1287 2001 1346 2031 Die
1369 1999 1519 2032 Aufz'zih-

853 2048 931 2086 lung
949 2046 1051 2077 bildet
1065 2046 1123 2077 das
1139 2045 1352 2085 Gegenstiick
1367 2056 1407 2077 zu
1421 2056 1449 2077 c.
1465 2045 1518 2077 37.

853 2111 898 2115 --
915 2091 1075 2124 incolumi
1095 2092 1178 2122 ohne
1195 2092 1267 2129 sibl,
1293 2101 1320 2122 5.
1340 2090 1393 2130 42,
1412 2090 1465 2130 66,
1483 2091 1519 2121 3:

855 2137 935 2169 dum
952 2137 1066 2169 liceret
1080 2138 1205 2168 intacto
1228 2138 1339 2176 abire,·
1359 2135 1389 2177 3,
1409 2136 1461 2175 50,
1479 2135 1517 2175 6;

857 2182 886 2223 6,
906 2183 937 2222 2,
958 2183 970 2214 1
998 2193 1030 2213 u.
1047 2192 1076 2213 a.

904 2228 954 2259 17.
972 2227 1162 2266 Folgerung
1175 2236 1233 2257 aus
1248 2226 1308 2257 der
1320 2226 1518 2265 vorhergeh.

856 2273 1046 2312 Darlegung
1070 2272 1130 2302 der
1147 2270 1398 2310 Verhiiltnisse,
1422 2270 1453 2301 in
1473 2271 1519 2301 ei-

855 2329 928 2350 nem
946 2317 1102 2349 Schlusse
1119 2326 1137 2348 a
1155 2316 1278 2347 minore
1292 2315 1332 2346 ad
1346 2315 1459 2346 maius.
1475 2334 1519 2338 —

855 2374 915 2395 vos
952 2364 1074 2394 sustin.
1118 2365 1201 2393 statt
1243 2361 1518 2400 untergeordnet:

855 2408 1013 2440 wiihrend
1029 2408 1081 2438 ihr
1097 2417 1127 2437 u.
1148 2416 1174 2438 s.
1194 2416 1246 2445 w.,
1260 2406 1331 2437 dem
1349 2415 1417 2437 was
1432 2405 1520 2436 nicht

855 2453 1040 2494 geschehen
1072 2451 1150 2483 soll:
1183 2460 1271 2482 nunc
1300 2455 1376 2489 etc„
1409 2450 1519 2490 beige-

856 2499 984 2537 ordnet,
1008 2508 1034 2528 5.
1054 2496 1107 2534 25,
1127 2495 1155 2534 6,
1174 2497 1204 2528 9.
1227 2514 1272 2518 -
1294 2497 1396 2527 etiam
1423 2496 1454 2527 Ιι.
1473 2507 1518 2535 n.‚

856 2545 919 2575 wie
954 2544 1001 2574 sie
1033 2542 1064 2573 in
1092 2541 1235 2572 anderen
1261 2539 1517 2572 Verhiiltnisseu

857 2589 963 2629 gleich
988 2597 1111 2624 waren,
1141 2586 1246 2617 solleu
1277 2586 1326 2617 sie
1354 2586 1436 2617 auch
1462 2586 1520 2617 mit

858 2635 929 2665 dem
958 2631 1173 2664 ehrenvollen
1202 2630 1326 2662 Namen
1360 2634 1519 2675 parentes

858 2680 889 2710 in
914 2678 1061 2719 gleicher
1079 2676 1195 2709 Weise
1212 2676 1357 2708 benannt
1375 2677 1519 2716 werden,

1547 769 1585 801 13

1549 996 1587 1027 14

1549 1111 1585 1141 15

1548 1218 1586 1249 16

1549 1389 1586 1420 17
