1784 2967
43 840 82 872 10

40 1121 80 1153 15

115 243 140 260 a.
159 235 213 263 ch,
228 236 288 261 206.

518 226 639 258 Lissnn
667 212 822 258 xxvniss
859 226 952 258 mr.
980 227 1032 258 29.
1053 226 1107 258 30.

1438 227 1514 266 195

104 321 219 367 dium
242 329 587 379 protrahebantur,
619 333 655 366 et
676 328 789 367 simul
812 328 938 367 omnis
961 333 1169 381 apparatus
1192 329 1356 380 supplici
1379 341 1520 379 expro-

115 385 306 432 mebaturg
343 385 492 437 deligati
527 385 572 423 ad
608 384 736 435 palum
772 384 965 435 virgisque
993 385 1091 423 caesi
1119 390 1155 423 et
1183 385 1307 424 securi
1334 386 1523 436 percussi,

114 441 208 479 adeo
227 442 470 491 torpentibus
488 446 594 480 metu
611 441 674 491 qui
692 441 858 487 aderant,
880 447 922 479 ut
942 454 1020 479 non
1039 442 1157 479 modo
1174 442 1344 480 ferocior
1361 455 1435 480 vox
1452 443 1521 480 ad-

112 510 247 536 versus
277 499 513 537 atrocitatem
544 510 692 549 poenae
720 498 786 535 sed
816 509 864 535 ne
893 498 1055 547 gemitus
1084 498 1235 548 quidem
1267 499 1538 537 exaudiretur.'

112 555 222 593 tracti
244 554 333 593 inde
351 555 397 593 de
413 554 541 593 medio
560 566 709 599 onmes,
732 559 973 605 purgatoque
994 555 1079 592 loco
1103 554 1202 592 citati
1225 554 1366 594 milites
1389 555 1521 593 nonii-
1552 560 1592 592 12

113 611 233 649 natim
255 611 355 661 apud
378 610 556 649 tribunos
578 610 744 648 militum
767 610 805 648 in
828 611 941 649 verba
960 610 1001 649 P.
1022 610 1215 660 Scipionis
1239 611 1424 657 iurarunt,
1448 611 1520 649 sti—

113 667 371 718 pendiumque
393 668 438 705 ad
460 679 606 705 nomen
629 667 790 717 singulis
813 667 1055 718 persolutum
1079 672 1149 705 est.
1186 668 1289 705 hunc
1306 670 1420 705 tinem
1439 668 1518 705 exi-

110 730 270 774 tumque
292 723 429 775 seditio
455 724 619 762 militum
644 729 777 774 coepta
801 724 901 773 apud
926 724 1139 761 Sucronem
1164 724 1310 761 habuit..

224 779 299 818 Per
332 777 433 818 idem
469 785 624 831 tempus
662 781 707 818 ad
736 781 880 818 Baetim
916 780 1076 818 fluvium
1106 779 1262 825 Hanno,
1301 780 1515 830 praefectus
1546 781 1599 820 30

110 836 304 885 Magonis,
339 836 483 875 missus
524 850 543 875 a
574 836 742 875 Gadibus
771 849 856 875 cum
887 849 1000 887 parva
1031 848 1149 875 manu
1178 837 1381 883 Afrorum,
1416 849 1519 874 mer—

111 893 201 930 cede
227 892 424 943 Hispanos
462 893 699 931 sollicitando
731 893 776 931 ad
807 906 923 931 mmm
954 893 1133 931 iuvenum
1162 893 1333 931 armavit.
1383 893 1518 931 castris
1549 901 1569 932 2

111 948 250 987 deinde
271 955 407 988 exutus
431 949 476 987 ab
498 950 539 988 L.
561 950 720 995 Marcio,
750 950 915 988 maxima
937 954 1044 1000 parte
1066 949 1229 987 militum
1252 949 1350 987 inter
1370 949 1519 987 tumul-

109 1010 191 1043 tuin
231 1010 433 1056 captorum
465 1011 702 1053 castrorum,
742 1006 971 1056 quibusdam
1010 1006 1122 1044 etiam
1159 1007 1196 1043 in
1233 1005 1322 1055 fuga
1353 1005 1518 1051 amissis,

110 1062 259 1112 palatos
282 1068 537 1113 persequente
559 1063 697 1113 equite,
721 1075 807 1100 cum
831 1062 965 1113 paucis
987 1063 1071 1112 ipse
1093 1062 1235 1111 effugit.

222 1118 320 1156 Dum
339 1119 432 1157 haec
449 1120 493 1157 ad
512 1119 656 1157 Baetim
674 1119 831 1157 fluvium
851 1123 1048 1168 geruntur,
1073 1118 1220 1156 Laelius
1244 1117 1396 1156 interim
1419 1117 1518 1156 freto
1549 1126 1568 1157 3

110 1173 147 1212 in
171 1174 366 1213 Oceanum
389 1182 540 1214 evectus
562 1176 607 1214 ad
632 1176 817 1213 Carteiam
841 1175 962 1213 classe
985 1175 1158 1213 accessit.

1210 1174 1302 1212 urbs
1325 1187 1366 1212 ea
1390 1174 1429 1212 in
1452 1187 1518 1212 ora

111 1230 251 1269 Oceani
274 1231 346 1269 sita
369 1236 445 1276 est,
478 1232 541 1270 ubi
572 1231 740 1282 primum
765 1245 784 1269 e
805 1231 980 1269 faucibus
1003 1231 1176 1280 angustis
1199 1232 1381 1280 panditur
1404 1243 1520 1268 mare.

111 1286 224 1325 Gadis
255 1287 338 1325 sine
368 1288 575 1326 certamine
603 1300 672 1338 per
700 1288 934 1326 deditionem
958 1287 1186 1337 recipiendi,
1215 1287 1314 1325 ultro
1346 1287 1409 1337 qui
1437 1300 1518 1325 eam
1547 1296 1567 1327 4

109 1355 191 1381 ren]
214 1343 486 1394 pollicerentur
508 1344 545 1382 in
569 1349 690 1382 castra
714 1344 888 1382 Romana
912 1344 1164 1389 venientibus,
1187 1356 1290 1393 spes,
1315 1344 1413 1382 sicut
1433 1349 1519 1382 ante

109 1479 141 1511 4.
159 1498 204 1501 —
220 1481 417 1523 apparatus,
436 1480 493 1511 das
513 1480 553 1511 im
567 1479 660 1520 Folg.
677 1490 778 1519 ange-

108 1522 231 1566 fiihrte,
249 1525 314 1565 vgl.
331 1535 372 1556 zu
386 1525 438 1565 29,
461 1524 510 1565 IS,
532 1524 582 1556 13.
596 1525 777 1569 —palum,

109 1569 170 1609 26,
202 1570 258 1609 13,
292 1571 341 1601 15.
364 1588 409 1593 ——-
432 1572 529 1602 citati
549 1581 655 1610 norm,
686 1572 779 1601 einer

109 1615 190 1647 nach
208 1615 280 1646 dem
297 1616 460 1654 anderen,
481 1615 580 1656 jeder
597 1626 686 1647 muss
706 1616 776 1646 eiu-

109 1660 182 1691 zeln
208 1661 259 1691 die
278 1659 498 1691 Eidesforuiel
516 1662 693 1702 sprechen,
717 1670 777 1700 gc-

108 1705 271 1735 wiibnlich
300 1709 393 1745 sagte
423 1705 470 1735 516
500 1716 561 1736 nur
589 1707 681 1737 einer
705 1716 777 1746 vor,

109 1750 160 1780 die
184 1749 322 1789 iibrigen
351 1750 509 1791 sprachen
537 1751 779 1781 nacheinander

108 1795 195 1826 idem
219 1796 252 1826 in
277 1805 340 1826 me.
375 1795 435 1825 Die
453 1805 536 1825 neue
554 1795 780 1834 Vereidigung

108 1840 326 1879 abtriinniger
349 1839 522 1879 Soldaten,
548 1840 587 1871 da
613 1841 660 1870 sie
686 1841 777 1871 ihren

107 1884 263 1916 friilieren
283 1885 342 1916 Eid
361 1885 547 1925 gebrechen
566 1885 680 1925 haben,
704 1895 730 1917 s,
749 1895 777 1915 e.

108 1930 168 1970 27,
199 1931 236 1969 4,
266 1930 389 1961 kommt
417 1930 498 1961 auch
525 1935 619 1962 sonst
641 1940 720 1968 vor,
750 1940 777 1960 s.

108 1975 204 2007 Caes.
230 1975 263 2006 B.
287 1975 320 2006 C.
349 1976 382 2013 1,
409 1974 468 2014 76,
494 1974 529 2016 3,
562 1974 600 2006 13
627 1986 658 2006 u.
684 1986 713 2006 a.
736 1993 773 1996 —

107 2020 201 2063 apud
216 2021 304 2062 trib„
328 2030 354 2052 s.
372 2019 426 2060 22,
447 2020 498 2058 38,
521 2020 548 2051 l.
566 2039 610 2043 —
626 2023 659 2052 z'n
678 2021 779 2052 verba

106 2066 146 2096 P.
164 2063 216 2108 S.‚
234 2075 260 2096 s.
281 2065 316 2105 2,
335 2064 395 2102 32,
418 2065 451 2095 l:
471 2067 629 2107 quoniam
646 2067 678 2099 1¹71
698 2076 775 2097 eon-

107 2110 220 2142 sulum
249 2112 351 2142 verba
373 2112 540 2150 iurasset,
573 2111 640 2142 sich
665 2110 776 2152 Scipio

108 2156 209 2186 durch
228 2156 288 2186 den
307 2155 367 2186 Eid
385 2156 611 2197 verpssichten,
634 2156 701 2196 vgl.
719 2167 776 2187 ,va-

108 2202 280 2232 cramento
305 2200 430 2241 dicere,
461 2211 487 2231 5.
512 2200 570 2241 24,
601 2200 637 2241 8,
666 2201 719 2240 183
747 2201 777 2242 2,

107 2244 161 2283 24,
182 2245 216 2283 7;
236 2245 278 2276 11).
298 2245 351 2284 45,
370 2245 402 2276 4.
420 2263 462 2267 ——
480 2245 526 2276 ad
540 2257 641 2287 nom„
660 2256 697 2277 so
712 2247 775 2277 wie

107 2290 155 2321 sie
196 2290 392 2321 namentlich
432 2289 625 2330 ausgerufen
664 2301 776 2322 waren

106 2335 172 2366 und
197 2335 264 2366 sich
282 2335 418 2374 gestent
435 2336 559 2375 hatten,
584 2337 646 2367 wie
666 2336 716 2367 bei
734 2335 780 2367 ad

106 2390 225 2411 nomen
245 2380 458 2423 respondere,
481 2380 509 2421 7,
528 2381 558 2419 4,
577 2381 607 2411 2.
626 2398 670 2403 —
687 2380 778 2423 apud

104 2423 216 2465 Sucr.,
241 2430 335 2456 sonst
361 2425 499 2456 braucht
517 2424 553 2456 L.
573 2425 625 2456 bei
643 2425 777 2456 St'a‘dte-

107 2480 221 2501 namen
252 2471 341 2501 nicht
371 2470 472 2501 lciclit
495 2469 602 2512 apud,
633 2471 774 2501 soudern

105 2515 161 2553 ad,
180 2516 241 2546 wie
260 2515 393 2554 Caesar,
413 2526 439 2546 s.
459 2515 493 2545 Β.
513 2516 548 2546 C.
567 2515 597 2553 3,
616 2515 668 2554 37,
691 2516 717 2547 1.

153 2553 323 2592 30—37.
351 2561 410 2591 Die
427 2561 549 2591 leizten
567 2559 693 2591 Thaten
706 2560 776 2591 Sci-

105 2605 177 2646 pios
194 2605 226 2636 in
244 2605 408 2647 Spanieu,
428 2599 607 2645 30—31,
632 2606 662 2636 4.
699 2605 777 2645 Sieg

107 2649 189 2681 iiber
206 2650 330 2691 Hanno,
354 2650 538 2682 Seetreffen
561 2650 613 2681 bei
631 2650 774 2682 Carteia.

899 1479 928 1512 1.
961 1480 1087 1520 Hanno,
1110 1489 1138 1511 c.
1156 1478 1209 1518 23,
1230 1479 1259 1518 7„
1282 1481 1394 1522 praef.
1413 1479 1471 1517 M„
1493 1490 1523 1511 5.

851 1524 904 1564 23,
925 1523 976 1562 31),
994 1525 1026 1555 1:
1044 1524 1221 1567 praefecto
1234 1524 1446 1563 Hannibali-93
1467 1525 1518 1566 25,

851 1570 904 1609 28,
923 1571 953 1602 5.
972 1587 1017 1593 —-
1033 1569 1229 1601 sollicit‘ansl.
1244 1585 1287 1595 Ξ
1302 1581 1338 1601 eo
1352 1569 1441 1612 qnod
1452 1569 1520 1601 sol-

849 1615 1005 1654 licitabat,
1025 1626 1051 1645 5.
1072 1626 1099 1646 c.
1122 1614 1169 1655 13,
1189 1615 1218 1646 4.

897 1660 927 1691 3.
960 1662 1094 1691 interim
1119 1660 1199 1690 nach
1218 1660 1324 1691 61116111
1342 1659 1520 1691 bedeutsa-

851 1716 922 1737 men
948 1705 1086 1741 VVorte,
1114 1705 1296 1735 besondcrs
1321 1704 1361 1735 im
1387 1705 1520 1745 Gegeu—

852 1755 956 1789 satze,
978 1750 1028 1787 10,
1051 1749 1100 1787 18,
1122 1750 1157 1787 13
1183 1749 1234 1791 37,
1255 1749 1306 1788 11,
1326 1751 1356 1781 6.
1374 1768 1418 1772 —
1438 1749 1520 1781 Car-

852 1797 963 1834 teiam,
982 1794 1035 1833 43,
1056 1794 1085 1833 3,
1105 1794 1140 1825 3:
1167 1793 1334 1825 Carteiam
1355 1794 1402 1826 ad
1420 1794 1519 1826 Ocea-

851 1850 949 1880 num,
974 1840 1046 1870 eino
1071 1849 1133 1870 von
1158 1839 1219 1869 deu
1244 1838 1438 1870 l’ho'uicicrn
1463 1850 1520 1879 ge-

852 1885 1026 1925 griindete,
1047 1884 1319 1915 walirscheiulich
1338 1885 1418 1915 uach
1435 1884 1520 1916 Mel-

852 1932 941 1971 σαι-ἴ,
966 1940 992 1960 s.
1018 1929 1076 1967 21,
1103 1930 1137 1967 ξ),
1163 1929 1197 1968 4,
1222 1934 1386 1968 geuannte
1412 1929 1519 1961 stadt.

852 1975 934 2006 Eine
959 1975 1081 2005 andere
1107 1974 1206 2005 Form
1231 1975 1288 2005 des
1310 1973 1454 2006 Namens
1478 1976 1521 2006 ist

853 2020 1011 2063 sarpeia,
1042 2020 1092 2050 die
1121 2018 1141 2060 ξ
1171 2019 1189 2049 ὓ
1220 2020 1271 2050 (116
1298 2019 1372 2050 Hss.
1404 2019 1520 2051 haben.

850 2065 978 2096 Plinius
995 2076 1027 2096 11.
1046 2064 1085 2096 A.
1105 2069 1218 2095 setzeu
1239 2065 1286 2095 sie
1306 2065 1386 2095 noch
1406 2065 1521 2095 inner-

851 2111 925 2142 halh
945 2111 1001 2141 des
1019 2108 1139 2140 fretum
1158 2120 1197 2140 an
1217 2110 1278 2141 den
1297 2108 1403 2141 Buse‘n
1422 2111 1520 2141 nb'rd-

849 2156 912 2187 lich
936 2166 999 2187 von
1022 2154 1139 2196 Calpe,
1164 2156 1222 2185 der
1246 2155 1519 2187 wahrscheinlich

849 2201 907 2232 mit
931 2201 993 2231 den
1020 2200 1183 2231 &Vortem
1210 2201 1267 2230 ubi
1289 2218 1332 2222 —-
1355 2199 1520 2243 pandilar

849 2246 995 2286 gcmeint
1013 2255 1098 2283 war,
1125 2245 1273 2284 obgleich
1292 2244 1329 2275 L.
1353 2245 1460 2276 selbst
1477 2255 1518 2276 an

850 2292 910 2322 deu
929 2290 1038 2322 Oce-an
1065 2290 1181 2329 denkt,
1207 2290 1269 2320 wie
1292 2291 1325 2321 in
1352 2289 1516 2321 Oceanum

850 2341 912 2367 ete.
938 2336 1001 2366 und
1027 2335 1046 2376 ξ
1066 2335 1084 2364 6
1110 2335 1209 2374 zeigt.
1227 2352 1271 2356 —
1288 2335 1464 2376 esaucz'b.,
1489 2345 1516 2366 5.

850 2392 877 2412 c.
905 2381 940 2419 6,
970 2382 1000 2411 9.
1025 2399 1068 2402 —
1089 2390 1151 2422 per
1175 2378 1278 2411 (ledit.
1303 2381 1347 2411 ist
1371 2381 1421 2410 die
1446 2381 1516 2411 11115.

849 2426 981 2464 Lesart,
1000 2425 1051 2456 die
1069 2424 1191 2456 deditio
1212 2424 1298 2455 kann
1317 2426 1396 2456 auch
1415 2425 1517 2456 durch

848 2471 995 2502 Verrath
1014 2468 1173 2511 erfolgeu,
1192 2469 1222 2507 S,
1241 2469 1294 2508 25,
1311 2470 1349 2508 ὅ,
1372 2469 1405 2500 ll
1422 2479 1429 2508 3
1449 2469 1515 2509 vgl.

849 2515 902 2553 27,
916 2515 968 2555 1,1
982 2526 990 2553 3
1006 2516 1086 2545 auch
1104 2519 1194 2556 passt
1207 2514 1333 2546 deditio
1348 2514 1463 2546 besser
1476 2525 1516 2545 zu

848 2561 937 2592 ultro
956 2571 1027 2591 eam
1043 2570 1069 2591 ν.
1087 2570 1121 2602 p.
1141 2560 1190 2590 als
1207 2570 1269 2602 per
1280 2559 1516 2602 proditionem.

849 2624 886 2627 —
909 2606 1125 2643 venientibus,
1150 2615 1175 2635 s.
1195 2615 1236 2635 zu
1254 2604 1307 2643 27,
1332 2604 1385 2644 43,
1404 2604 1439 2635 3:
1463 2607 1516 2636 in-

846 2649 1028 2693 plicantes,
1059 2660 1120 2680 zur
1141 2649 1246 2680 Sache
1275 2659 1303 2681 c.
1328 2649 1387 2689 23,
1417 2649 1447 2680 6.
1473 2668 1516 2673 -—

1188 2705 1250 2736 13*
