1784 2967
43 880 82 911 10

41 1158 80 1190 15

39 1442 81 1474 20

592 255 716 289 LIBER
732 255 858 288 XXVI.
892 256 984 291 CAP.
1002 257 1032 290 7.
1427 255 1508 294 217

112 273 137 291 a.
155 265 207 291 Ch.
223 266 283 290 211.

114 359 202 398 vidit
228 370 351 409 neque
378 371 446 410 per
473 363 595 398 castra
627 371 761 397 eorum
792 359 991 410 perrumpi
1021 360 1065 398 ad
1096 360 1262 410 Capuam
1292 370 1426 409 posse,
1460 369 1508 396 ne
1537 365 1556 397 2
1595 411 1605 424 Ἰ

112 428 203 455 suos
227 428 379 466 quoque
407 422 643 454 commeatus
666 416 960 454 initu-cludermit
982 417 1067 454 novi
1089 416 1284 460 consules,
1305 415 1509 454 abscedere

111 473 224 511 inrito
254 472 403 523 incepto
435 478 472 511 et
500 485 651 511 movere
678 485 698 510 a
726 473 853 523 Capua
883 473 1014 511 statuit
1042 478 1176 511 castra.
1217 472 1334 511 multa
1363 484 1506 517 secum,
1537 482 1556 514 3

111 542 187 581 quo
209 529 282 567 iam
305 529 393 567 inde
414 529 469 567 ire
490 534 675 580 pergeret,
699 530 862 568 volventi
887 529 1002 567 subiit
1022 530 1191 567 animum
1214 529 1378 579 impetus
1397 534 1511 579 caput

111 587 238 637 ipsum
267 586 351 624 belli
379 586 540 624 Romam
570 586 742 636 petendi,
772 587 878 624 euius
905 586 958 624 rei
986 598 1138 635 semper
1165 586 1313 636 cupitae
1339 590 1509 637 praeter-

110 643 269 682 missam
300 643 538 681 occasionem
569 648 660 692 post
685 642 924 681 Cannensem
953 654 1120 694 pugnam
1151 647 1187 680 ct
1213 642 1271 680 alii
1297 642 1510 680 fremebant

112 706 150 739 et
170 700 252 751 ipse
274 711 353 737 non
376 699 660 738 dissimulabat:
683 700 913 750 necopinato
932 711 1073 750 pavore
1090 711 1133 737 ac
1149 698 1314 736 tumultu
1330 710 1408 736 non
1426 711 1510 737 esse
1538 703 1558 735 4

111 755 392 807 desperandum
415 755 578 807 aliquam
603 762 748 807 partem
775 757 877 795 urbis
901 755 1080 806 occupari
1102 767 1236 806 posse,
1264 759 1312 800 et,
1335 754 1367 793 si
1388 756 1510 793 Roma
1536 760 1557 800 ξ)

111 815 149 851 in
178 811 398 851 discrimine
419 818 537 857 esset,
567 813 736 864 Capuam
760 814 950 864 extemplo
975 813 1192 851 omissuros
1214 817 1277 850 aut
1299 811 1412 849 ambo
1437 811 1509 849 im-

112 874 308 920 peratores
331 869 530 908 Romanos
557 875 621 908 aut
649 870 805 909 alterum
835 884 878 909 ex
900 871 962 912 iis,
990 874 1042 915 et,
1070 869 1102 907 si
1126 868 1347 907 divisissent
1368 867 1510 919 copias.

108 932 317 976 utrumque
338 925 590 965 infirmiorem
612 927 754 966 factum
778 932 841 966 aut
864 926 936 965 sibi
959 932 1022 965 aut
1039 925 1242 976 Campanis
1260 925 1356 963 bene
1373 937 1510 975 geren—

109 983 178 1022 dae
198 982 250 1021 rei
272 983 470 1022 fortunam
495 984 652 1022 daturos
674 997 771 1022 esse.
813 996 888 1023 una
905 996 944 1022 ea
964 996 1051 1022 cura
1069 982 1239 1033 angebat,
1262 994 1319 1028 ne,
1342 982 1403 1020 ubi
1421 981 1510 1020 abs-

110 1040 306 1085 cessisset,
335 1040 525 1090 extemplo
549 1040 779 1079 dederentur
807 1040 1002 1091 Campani.
1048 1038 1250 1078 Numidam
1283 1043 1510 1089 promptum

111 1097 156 1136 ad
186 1097 314 1135 omnia
343 1097 489 1147 aqenda
513 1097 761 1148 audendaspie
788 1097 901 1136 donis
929 1096 1094 1147 perlicit,
1122 1100 1165 1134 ut
1188 1095 1323 1134 litteris
1345 1095 1510 1145 acceptis

111 1153 238 1205 specie
259 1154 479 1203 transfugae
501 1159 623 1192 castra
646 1155 819 1193 Romana
842 1154 1037 1204 ingressus
1061 1153 1174 1191 altera
1197 1157 1304 1203 parte
1326 1152 1420 1190 clam
1440 1152 1510 1190 Ca-

109 1223 222 1261 puam
246 1210 439 1261 pervadat.
480 1209 624 1249 litterae
646 1216 771 1250 autem
795 1217 903 1250 erant
918 1210 1187 1249 adhortatione
1204 1209 1356 1260 plenae:
1378 1208 1509 1259 profe-

109 1267 275 1305 ctionem
300 1278 428 1312 suam,
458 1279 552 1317 quae
575 1268 750 1306 salutaris
773 1267 843 1306 illis
864 1268 981 1313 foret,
1008 1266 1285 1305 abstracturam
1308 1265 1352 1304 ad
1376 1265 1510 1303 defen-

108 1323 271 1361 dendam
300 1323 463 1361 Romam
500 1323 545 1361 ab
580 1325 841 1375 oppugnanda
870 1324 997 1375 Capua
1034 1324 1149 1362 duces
1182 1328 1294 1373 atque
1321 1322 1509 1361 exercitus

109 1380 320 1419 Romanos.
352 1391 400 1417 ne
417 1380 704 1430 desponderent
720 1381 889 1420 animos:
911 1381 1111 1420 tolerando
1129 1392 1274 1431 paucos
1293 1379 1372 1418 dies
1389 1384 1509 1418 totam

109 1437 305 1475 soluturos
335 1436 592 1476 obsidionem.
633 1438 722 1477 inde
750 1437 857 1476 navis
886 1438 923 1476 in
953 1438 1111 1476 flumine
1137 1436 1319 1475 Vulturno
1343 1448 1508 1486 conpre-

111 1494 249 1532 hensas
272 1493 396 1544 subigi
419 1494 465 1532 ad
488 1493 523 1532 id
547 1495 649 1545 quod
672 1495 746 1533 iam
769 1500 855 1534 ante
876 1495 1056 1545 praesidii
1079 1506 1190 1533 causa
1213 1494 1356 1532 fecerat
1373 1492 1510 1532 castel-

109 1551 187 1589 lum
209 1550 332 1589 iussit.
374 1562 535 1601 quarum
557 1551 621 1590 ubi
643 1558 786 1591 tantam
811 1552 960 1603 copiam
984 1564 1087 1597 esse,
1110 1556 1153 1590 ut
1172 1563 1249 1589 una
1271 1555 1383 1589 nocte
1404 1549 1510 1589 traici

109 1699 169 1737 403
189 1698 246 1730 Sil.
266 1698 304 1730 It.
327 1698 377 1736 12,
397 1698 478 1738 5243
499 1699 591 1732 Flor.
612 1700 638 1739 1,
657 1699 711 1741 22,
730 1700 772 1732 42

109 1744 161 1781 ff.,
154 1755 161 1762 ·
180 1744 277 1775 Oros.
296 1744 326 1783 4,
348 1745 385 1775 17
404 1756 435 1776 u.
454 1755 484 1776 a.

847 1701 987 1732 sondern
1021 1700 1093 1731 eine
1127 1699 1264 1731 weitere
1298 1691 1511 1740 Ausffihrung

846 1747 903 1777 des
927 1746 1027 1777 durch
1057 1748 1118 1776 aut
1142 1745 1286 1777 allorum.
1320 1749 1382 1775 etc.
1408 1754 1510 1784 ange-

154 1788 252 1820 2-3.
273 1800 410 1831 quoque,
425 1790 487 1820 uie
502 1790 552 1820 die
567 1790 611 1821 Pr
614 1791 771 1822 oeonsuln

110 1834 160 1865 die
187 1835 244 1865 der
264 1834 454 1885 Campaner,
478 1845 504 1866 3.
510 1835 644 1885 Polyb.
672 1836 711 1866 οἵ
738 1847 774 1868 τε

109 1876 360 1922 chtitArydditoi
398 1899 440 1902 —
474 1875 555 1912 οὔτε
586 1878 679 1924 μετὰ
712 1882 774 1922 τῆς

115 1925 236 1956 ἵππου
273 1935 400 1968 υειειν
440 1922 616 1979 ξδύιαντο
658 1926 771 1958 πλειω

104 1954 334 2021 χρό1ον,δικ
354 1969 393 2001 τὸ
412 1967 455 2001 τὰ
471 1968 541 2014 μὲι
556 1969 774 2023 -χορτιέσ-

109 2026 208 2068 ματα
232 2012 354 2047 πάντα
377 2026 504 2059 καῑεᾳ
496 2018 670 2059 ’1αρκέιαι
691 2014 775 2053 τοίς

115 2058 331 2104 “Ρωααίους.
360 2079 403 2083 —
435 2063 563 2093 i'amm.
584 2062 665 2093 wird
691 2064 770 2094 auch

108 2118 170 2138 von
187 2090 222 2138 L.
238 2104 285 2138 oft
299 2106 507 2138 verbunden:
523 2107 628 2138 wollin
645 2109 770 2139 erdenn

110 2163 173 2183 nun
193 2152 358 2190 (nachdem
377 2162 414 2183 er
432 2152 525 2184 Alles
545 2154 700 2185 vcrsucht
715 2154 772 2185 ha-

109 2197 159 2234 be)
193 2207 256 2227 von
287 2196 395 2238 Capua
427 2208 456 2228 u.
481 2208 504 2229 s.
528 2208 568 2229 w.
591 2216 636 2221 —
658 2209 770 2231 secum

111 2242 200 2283 voltu,
227 2242 278 2281 30,
310 2242 358 2283 14,
382 2242 416 2272 3:
447 2243 526 2274 llaec
549 2254 661 2275 seeum
679 2244 770 2277 vola-

111 2289 214 2323 tant&
246 2286 276 2325 2,
295 2287 347 2325 49,
368 2288 404 2318 5:
437 2291 547 2319 omnia
571 2289 771 2322 volt-entium

109 2334 241 2371 anl'm05
262 2332 314 2369 40,
335 2331 364 2369 8,
384 2333 418 2363 5:
445 2343 558 2365 secum
575 2336 686 2367 animo
704 2335 772 2367 vol-

111 2389 198 2410 vens.
232 2397 273 2400 —
306 2378 432 2420 impet„
465 2379 531 2418 vgl.
557 2379 609 2419 42,
634 2380 687 2420 29,
716 2381 771 2411 11:

107 2425 236 2467 impeta
265 2425 378 2465 magis
401 2434 499 2464 qaam
534 2425 690 2464 com-illo,-
718 2425 771 2465 22,

110 2469 242 2509 5o,12;
269 2479 329 2499 zur
346 2468 449 2499 Sache
469 2479 495 2500 s.
515 2469 566 2506 30,
582 2470 632 2511 20,
652 2470 681 2502 S

155 2514 219 2544 4-
223 2514 253 2545 6.
279 2514 422 2555 aliquam
448 2520 522 2553 etc.,
548 2514 662 2567 Polyb.
688 2516 708 2548 l.
734 2516 771 2548 l.:

111 2560 198 2595 ἴσως
219 2558 288 2602 μὲν
313 2570 359 2592 αι
381 2559 440 2591 καὶ
463 2560 547 2603 περὶ
577 2557 643 2601 τὴ]
665 2558 776 2594 πόλιν

110 2600 327 2637 ἀπώσασθαί
348 2616 378 2636 τι
409 2605 480 2637 τῶν
497 2608 703 2650 χοησίκμωι
728 2625 772 2630 —

110 2652 143 2681 et
164 2652 196 2681 sz'
217 2649 279 2682 de'z.
303 2651 347 2682 ist
370 2651 457 2682 nieht
482 2652 530 2682 ein
558 2662 675 2691 neuer,
700 2653 770 2683 dem

110 2696 303 2736 vwrhergeh
329 2698 362 2728 et
386 2708 413 2728 ει
444 2696 621 2739 paralleler
646 2677 770 2739 (ξι-111111,

848 1802 1038 1822 nominenen
1059 1790 1182 1822 Falles.
1199 1808 1243 1813 —-
1260 1800 1352 1830 cura,
1370 1790 1437 1830 vgl.
1456 1790 1510 1831 25,

847 1836 899 1875 32,
919 1836 948 1867 6.
967 1855 1012 1858 -
1028 1837 1210 1877 angebant,
1236 1835 1307 1866 hier
1330 1835 1392 1866 wie
1417 1839 1511 1867 sonst

846 1881 1016 1912 bisweilen
1047 1881 1179 1912 absolut
1212 1880 1411 1921 gebraucht3
1441 1881 1510 1920 vgl.

846 1927 897 1965 21,
930 1927 955 1969 1,
975 1927 1006 1958 5.
1030 1945 1074 1950 —-
1097 1926 1231 1967 agenda
1255 1926 1335 1957 oder
1358 1925 1409 1957 ein
1433 1926 1513 1957 {ilin-

846 1972 948 2003 liches
961 1971 1070 2011 WVort,
1086 1976 1171 2003 etwa
1185 1971 1367 2013 subeunda,
1382 1971 1511 2002 schcint

845 2016 1061 2057 ausgei'allen,
1087 2027 1113 2047 s.
1132 2016 1185 2056 22,
1209 2017 1259 2057 14,
1281 2016 1320 2047 14
1337 2027 1368 2047 u.
1388 2026 1417 2048 a.

890 2062 988 2093 7—8.
1024 2062 1157 2094 adhort.
1186 2061 1242 2105 pl„
1272 2072 1297 2093 s.
1332 2062 1366 2102 1,
1390 2061 1447 2103 25,
1476 2061 1509 2093 1:

842 2108 933 2152 pleni
947 2108 1202 2140 adhortantium
1220 2108 1365 2139 vocibus.
1374 2125 1418 2130 —
1427 2118 1511 2149 quae

844 2173 885 2176 ——
901 2155 996 2194 foret
1021 2154 1090 2193 legt
1114 2155 1293 2193 grosse-ren
1313 2152 1510 2184 Nachdruck

843 2198 902 2230 auf
914 2199 1076 2231 salutaris
1092 2199 1142 2230 als
1157 2208 1250 2230 wenn
1271 2208 1306 2229 es
1323 2197 1510 2229 salutarem

840 2246 921 2285 fore
953 2245 1077 2283 hiesse,
1113 2254 1181 2274 was
1227 2254 1297 2274 man
1342 2247 1507 2274 eru-arten

846 2290 981 2321 ko'nnte,
1006 2308 1049 2312 -——
1071 2300 1205 2332 palleos,
1232 2299 1293 2319 nur
1310 2289 1447 2328 wenige.
1464 2307 1507 2310 —-

844 2335 1028 2373 mltum-os,
1047 2335 1095 2366 sie
1113 2335 1247 2365 wiirden
1266 2351 1309 2356 -
1328 2333 1469 2364 konnen.

891 2380 1011 2411 9—10.
1027 2381 1144 2421 subigi
1161 2379 1243 2409 wird
1262 2379 1440 2409 besonders
1456 2378 1506 2409 bei

846 2427 1002 2457 Dicbtern
1037 2426 1100 2456 und
1135 2424 1297 2465 Spiiteren
1332 2434 1393 2453 von
1436 2424 1506 2455 dem

846 2471 1051 2503 Fortrudem
1082 2471 1141 2501 der
1168 2469 1286 2500 Sehiffe
1316 2468 1507 2509 gebraucht,

847 2527 872 2548 s.
891 2517 992 2555 Verg.
1013 2515 1051 2547 G.
1074 2516 1100 2556 1,
1119 2514 1199 2545 202:
1219 2515 1275 2555 (μα’
1290 2513 1429 2545 adverso
1448 2515 1507 2546 vim

833 2562 982 2604 flmm‘ne
1010 2561 1152 2592 lembum
1180 2560 1336 2600 remigiis
1364 2561 1504 2601 subigit.

843 2626 888 2630 —
904 2606 1138 2649 quod—see„
1157 2605 1227 2635 also
1247 2605 1336 2635 nicht
1354 2605 1410 2636 das
1429 2615 1456 2636 c.
1474 2605 1506 2643 5,

844 2653 864 2684 4
882 2652 1062 2691 erwiihnte‚
1087 2650 1228 2681 sondern
1248 2650 1297 2681 ein
1324 2660 1386 2681 neu
1408 2660 1508 2690 ange-

844 2698 962 2738 legtes,
980 2706 1031 2727 nm
1051 2696 1118 2727 sich
1137 2696 1197 2727 den
1216 2694 1410 2735 Uehergang
1427 2695 1508 2727 iiber

1543 1560 1582 1592 10
