1784 2967
220 221 301 261 228

695 217 821 251 LIBER
837 218 963 252 XXVI.
995 218 1086 251 CAP.
1107 218 1158 250 12.

1477 235 1503 252 a.
1519 234 1547 252 u.
1561 228 1622 253 543.

171 330 190 361 9
220 335 333 373 quem
369 321 522 371 gerebat
554 321 804 373 dempsisset3
839 320 912 359 iam
941 333 990 359 ne
1017 321 1057 359 in
1083 321 1169 358 foro
1197 320 1351 370 quidem
1380 325 1445 359 aut
1471 320 1623 371 publico

220 378 306 416 loco
330 377 548 428 principum
572 379 775 429 quisquam
797 377 1015 428 apparebat,
1037 376 1218 414 domibus
1239 376 1374 415 inclusi
1396 377 1539 427 patriae
1556 389 1624 415 oc-

153 445 191 475 li)
222 446 356 472 casum
387 446 472 471 cum
497 445 567 471 suo
591 435 705 473 exitio
729 435 766 472 in
788 433 869 472 dies
892 433 1163 484 expectaban13
1190 445 1341 471 summa
1363 445 1474 471 curae
1496 433 1623 471 omnis

220 490 258 527 in
271 490 473 527 Bostarem
487 489 805 541 Hannonemque,
821 489 1035 540 praefectos
1047 489 1224 540 praesidii
1238 489 1383 534 Punici,
1402 501 1512 527 versa
1528 493 1621 533 erat,

151 553 188 585 11
221 558 292 584 suo
316 557 395 583 non
419 547 617 585 sociorum
639 546 812 598 periculo
836 545 1032 584 sollicitos.
1069 545 1093 583 ii
1116 545 1346 596 conscriptis
1363 545 1407 583 ad
1426 544 1621 583 Hanniba-

218 601 291 639 lem
321 602 455 640 litteris
483 614 563 640 non
592 602 709 641 libere
737 602 854 641 niodo
878 602 948 640 sed
970 602 1083 640 etiam
1106 613 1255 651 aspere,
1288 601 1427 652 quibus
1449 612 1528 639 non
1549 600 1622 639 Ca-

218 670 333 708 puam
372 658 493 696 solam
529 659 706 697 traditam
744 659 781 696 in
819 669 975 696 manum
1013 657 1208 703 hostibus,
1243 657 1308 695 sed
1337 670 1378 695 se
1407 668 1561 707 quoque
1587 661 1624 695 et

151 721 190 752 12
220 714 451 764 praesidium
482 714 520 752 in
551 715 675 753 omnis
699 714 888 752 cruciatus
910 713 1088 763 proditos
1110 713 1359 752 incusabant:
1388 713 1513 751 abisse
1533 725 1621 751 eum

219 770 257 808 in
279 770 449 808 Bruttios
479 771 580 808 velut
601 775 834 808 avertentem
856 781 958 814 sese,
987 781 1035 807 ne
1055 769 1182 820 Capua
1202 770 1240 807 in
1264 770 1382 808 oculis
1405 769 1486 807 eius
1508 781 1621 819 cape-

218 831 339 872 retur,
371 831 407 864 at
433 826 584 864 hercule
614 827 812 864 Romanos
840 837 886 863 ne
913 826 1203 876 oppugnatione
1231 826 1384 877 quidem
1411 825 1519 863 urbis
1541 825 1622 863 Ro-

150 892 188 923 13
219 894 353 920 manae
377 882 544 920 abstrahi
566 895 585 920 a
603 882 730 933 Capua
754 881 964 919 obsidenda
983 881 1173 931 potuisse:
1195 887 1300 920 tanto
1320 881 1621 920 constantiorem

217 938 415 976 inimicum
441 938 656 977 Romanum
686 950 801 989 quam
824 937 988 975 amicum
1010 938 1182 976 Poenum
1206 950 1302 976 esse.
1343 938 1375 976 si
1396 938 1527 976 redeat
1548 937 1622 976 Ca-

220 1007 335 1044 puam
354 994 571 1044 bellumque
593 1006 709 1032 omne
732 1007 776 1031 eo
800 998 931 1041 vertat,
955 999 992 1032 et
1013 1006 1054 1032 se
1071 998 1108 1031 et
1125 993 1343 1044 Campanos
1363 998 1515 1044 paratos
1533 1005 1621 1031 eru-

152 1059 190 1089 14
220 1050 342 1101 ptioni
363 1050 460 1088 fore.
504 1062 582 1088 non
606 1063 692 1089 cum
716 1049 869 1099 Reginis
892 1062 1016 1100 neque
1038 1050 1257 1088 Tarentinis
1280 1049 1418 1088 bellum
1442 1054 1620 1099 gesturos

217 1107 405 1145 transisse
427 1106 551 1156 Alpis,
579 1107 647 1145 ubi
670 1107 866 1144 Romanae
886 1107 1054 1156 legiones
1077 1106 1170 1152 sint,
1201 1106 1250 1144 ibi
1272 1111 1309 1144 et
1329 1105 1621 1156 Carthaginien—

220 1165 319 1200 sium
344 1163 531 1201 exercitus
555 1163 697 1201 debere
719 1175 814 1200 esse.
852 1162 906 1200 sic
927 1163 972 1200 ad
993 1162 1152 1207 Cannas
1174 1162 1229 1200 sic
1245 1162 1290 1200 ad
1309 1162 1621 1200 Trasumennum

218 1231 298 1257 rem
322 1218 418 1257 bene
441 1224 598 1269 gestam,
620 1219 794 1257 coeundo
814 1218 1129 1268 conferundoque
1147 1231 1233 1256 cum
1251 1219 1362 1256 hoste
1380 1223 1516 1263 castra,
1538 1218 1622 1256 for-

218 1280 350 1313 tunam
367 1275 608 1325 temptando.
646 1275 684 1313 in
702 1275 799 1313 hanc
816 1275 1042 1312 sententiam
1058 1275 1206 1313 litterae
1224 1275 1466 1324 conscriptae
1484 1274 1622 1312 Numi-

219 1332 277 1369 dis
305 1333 505 1381 proposita
534 1331 711 1369 mercede
740 1331 812 1369 iam
842 1331 1029 1381 professis
1058 1343 1215 1381 operam
1248 1330 1399 1368 dantur.
1439 1330 1463 1367 ii
1494 1329 1620 1380 specie

216 1387 500 1437 transfugarum
525 1400 611 1426 cum
633 1388 679 1426 ad
700 1387 877 1426 Flaccum
900 1387 939 1425 in
960 1392 1082 1425 castra
1104 1386 1314 1433 venissent,
1349 1392 1390 1424 ut
1410 1386 1498 1424 inde
1520 1391 1619 1424 tem-

218 1455 313 1494 pore
345 1450 456 1494 capto
479 1444 645 1489 abirent,
676 1444 893 1493 famesque,
923 1456 1021 1494 quae
1043 1448 1120 1481 tam
1145 1443 1208 1480 diu
1230 1444 1381 1494 Capuae
1402 1447 1499 1486 erat,
1528 1442 1620 1480 nulli

151 1282 188 1313 15

218 1557 286 1586 iam
303 1559 366 1586 etc.
382 1554 590 1595 Steigerung,
611 1565 646 1586 es
667 1565 735 1586 war
753 1565 788 1585 so
803 1555 884 1585 weit

217 1600 422 1639 gekonunen.
446 1618 490 1622 —-
512 1600 655 1641 z'nsoro,
681 1601 722 1631 im
749 1599 883 1639 Gegen—

218 1649 311 1675 satze
330 1655 390 1675 zur
404 1644 513 1675 Curie.
528 1663 572 1667 —
586 1656 659 1676 cum
678 1656 716 1686 s.,
736 1646 795 1675 der
809 1655 884 1675 ver-

219 1690 346 1720 bunden
373 1690 442 1720 sein
468 1689 582 1720 wiirde
600 1691 659 1721 mit
684 1700 715 1720 u.
735 1700 761 1721 s.
782 1700 822 1720 w.
841 1707 885 1712 —

218 1745 352 1765 summa
369 1744 395 1770 Q.
417 1745 454 1775 o.,
475 1735 537 1765 wie
553 1734 582 1773 3,
602 1734 656 1773 61,
678 1734 732 1765 12:
751 1745 885 1766 summa

220 1781 324 1811 lolius
341 1781 429 1822 spei,-
456 1779 487 1819 6,
512 1779 565 1819 27,
586 1780 621 1811 3:
646 1790 780 1811 Summa
803 1781 885 1810 invi-

219 1824 293 1855 diae
310 1826 398 1855 eius:
417 1824 468 1855 die
488 1824 622 1856 oberste
642 1824 783 1864 Leitung
800 1824 885 1855 aller

220 1868 406 1910 Gescba'fte,
425 1869 491 1909 vgl.
511 1880 538 1900 c.
557 1870 607 1909 10,
622 1870 654 1900 2.
673 1888 712 1892 —-
732 1880 804 1911 suo,
824 1879 885 1900 nur

219 1925 269 1945 uin
289 1915 354 1945 sich
375 1925 404 1944 u.
425 1925 450 1945 s.
470 1924 511 1944 w.

268 1958 408 1990 11—13.
433 1960 468 1998 ii,
487 1959 586 1989 durch
606 1959 656 1989 die
676 1957 885 1998 Mittheilung

219 2003 276 2034 des
295 2002 438 2034 Inhaltes
456 2005 513 2034 des
529 2003 653 2034 Briefes
672 2004 715 2034 ist
732 2004 781 2033 ein
798 2004 884 2034 Ana-

220 2048 331 2078 coluth
350 2049 559 2086 entstanden,
583 2050 610 2079 iz·
626 2049 707 2078 ohne
726 2048 885 2078 Priidikat

220 2092 391 2132 geblieben
411 2093 475 2123 und
501 2092 521 2133 ξ
543 2093 580 2123 15
600 2093 659 2123 der
677 2091 834 2123 Gedanke
852 2092 882 2122 in

219 2136 487 2168 andererWeise
507 2148 547 2168 zu
564 2137 654 2168 Ende
672 2135 814 2176 gefiihrt,
832 2137 883 2168 als

220 2192 257 2213 er
281 2180 484 2222 angefangen
516 2183 568 2213 ist.
598 2201 641 2204 —
669 2182 780 2221 libere,
804 2180 884 2212 frei-

220 2227 354 2266 miitbig.
380 2245 421 2248 —
440 2227 595 2259 hostibus
612 2228 713 2266 h'a'ngt
730 2223 792 2257 von
812 2227 883 2257 dem

218 2282 344 2312 gauzen
369 2272 494 2311 Begriff
518 2274 549 2303 in
582 2282 718 2303 manum
749 2271 885 2303 tradere

218 2317 268 2356 ab,
287 2327 313 2347 s.
332 2316 358 2355 1,
374 2317 426 2356 54,
445 2317 501 2348 10:
522 2315 648 2348 Gabina
660 2327 713 2348 res
729 2318 806 2358 regi
816 2315 883 2348 Ro-

218 2372 317 2393 mano
330 2380 373 2384 —
389 2363 421 2393 in
438 2372 577 2393 manum
592 2361 750 2394 traditur.
766 2378 809 2382 —
827 2361 888 2392 sed

220 2418 248 2437 s.
267 2418 307 2447 q.,
327 2416 352 2438 s.
372 2406 402 2445 2,
425 2406 474 2446 11,
493 2406 528 2438 3:
561 2417 627 2438 non
645 2409 757 2438 cetera
774 2405 884 2437 solnm

219 2469 259 2473 —
280 2451 341 2482 sed
353 2462 456 2494 pecus
470 2462 598 2494 quoque
611 2462 707 2483 omne
719 2453 751 2483 in
767 2453 884 2483 urbem

217 2495 410 2537 pelleretur.
430 2514 472 2518 -—
489 2498 523 2528 in
543 2507 644 2533 eruc„
665 2507 690 2528 s.
707 2495 760 2535 24,
775 2495 826 2536 30,
847 2495 882 2526 8:

217 2540 371 2582 proditus
388 2541 433 2571 ad
443 2541 597 2579 caedem,·
615 2541 668 2579 22,
683 2541 735 2580 44,
752 2541 835 2572 7.-
848 2542 883 2572 in

221 2584 332 2615 lit-att.
351 2586 432 2616 wird
462 2586 511 2617 als
541 2587 602 2617 den
637 2585 882 2618 Scbreibenden

220 2628 361 2660 bekannt
378 2636 644 2671 vorausgesetzt.
658 2650 697 2654 —
713 2630 804 2663 velut
819 2640 882 2670 av„

955 1565 982 1585 s.
1004 1554 1031 1594 1,
1054 1554 1102 1593 14,
1121 1554 1151 1585 S.
1184 1572 1227 1576 -—
1258 1555 1293 1585 1'71
1319 1564 1377 1591 oc„
1404 1565 1431 1585 c.
1456 1553 1509 1591 35,
1529 1554 1558 1585 7.
1577 1572 1621 1576 --

955 1599 1088 1631 hercule
1106 1600 1220 1630 deutet
1238 1599 1294 1630 das
1314 1599 1549 1638 Unglaubliche
1566 1609 1618 1630 an.

958 1662 1002 1666 —
1021 1647 1126 1684 tanto,
1145 1654 1171 1675 s.
1189 1642 1293 1686 praef.
1316 1644 1350 1675 11
1369 1655 1399 1675 a.
1418 1644 1456 1675 E.

1005 1712 1055 1742 14.
1081 1711 1232 1753 Reginis,
1255 1713 1336 1743 auch
1361 1712 1436 1742 dass
1460 1710 1621 1742 Hannibal

957 1757 1050 1787 dahin
1075 1767 1222 1796 gezogen
1245 1758 1308 1797 sei,
1338 1757 1459 1787 konnte
1491 1766 1562 1786 man
1589 1755 1620 1786 in

957 1801 1066 1843 Capua
1081 1801 1275 1832 schwerlich
1286 1802 1472 1832 wissen.—
1484 1799 1621 1832 Tarent.

957 1847 988 1878 in
1013 1847 1124 1885 Bezug
1149 1846 1207 1877 auf
1234 1858 1261 1877 c.
1287 1847 1316 1885 5,
1345 1846 1373 1877 l.
1405 1864 1450 1869 ——
1481 1845 1620 1877 coeund.

956 1892 1080 1922 konnte
1110 1902 1171 1922 nur
1199 1892 1299 1922 durch
1332 1892 1384 1922 die
1409 1890 1623 1930 Verbindung

956 1937 1015 1968 mit
1031 1936 1239 1977 conserando
1258 1947 1297 1967 zu
1317 1946 1391 1967 cum
1410 1936 1506 1966 hoste
1525 1935 1621 1974 (kurz

957 1986 1040 2012 statt
1056 1991 1131 2012 cum
1148 1983 1271 2012 castris
1285 1982 1442 2018 hostiurn,
1461 1990 1488 2010 s.
1503 1980 1555 2018 25,
1570 1979 1620 2018 14,

957 2026 987 2065 2)
1023 2027 1053 2056 in
1087 2026 1272 2065 Beziehung
1303 2029 1435 2064 gesetzt
1466 2024 1619 2063 werden3

958 2081 1030 2101 zum
1049 2069 1226 2101 Gedanken
1245 2070 1311 2110 vgl.
1330 2069 1381 2111 22,
1399 2069 1447 2109 14,
1466 2069 1515 2100 14.

1004 2135 1145 2166 15—17.
1170 2135 1204 2165 in
1221 2135 1253 2167 le.
1268 2146 1295 2165 s.
1314 2135 1377 2165 wie
1394 2136 1426 2166 in
1444 2135 1531 2166 hunc
1547 2144 1619 2166 mo-

955 2180 1046 2219 dum,
1059 2181 1094 2211 in
1109 2180 1188 2210 haec
1202 2180 1301 2211 verba
1313 2190 1343 2210 u.
1358 2189 1385 2210 a.
1401 2182 1507 2223 capto,
1526 2179 1620 2210 einen

957 2225 1131 2265 giinstigen
1157 2224 1337 2266 Zeitpunkt
1359 2226 1511 2262 erseben,
1537 2235 1564 2255 s.
1589 2224 1620 2264 3,

957 2270 988 2311 9,
1008 2270 1042 2301 7:
1070 2273 1219 2313 tempore
1242 2273 1340 2312 capto
1363 2269 1524 2302 adortum
1547 2279 1620 2301 rem

955 2315 1132 2358 publicam.
1155 2333 1198 2337 —
1221 2317 1288 2346 iam
1303 2316 1405 2357 profi,
1434 2325 1506 2345 man
1530 2315 1620 2345 hatte

957 2360 1025 2391 sich
1044 2359 1217 2391 dei-selben
1237 2361 1335 2391 sehon
1355 2370 1416 2391 vor
1432 2358 1621 2399 Abfassung

956 2405 1014 2436 des
1044 2405 1241 2436 Schreibens
1276 2405 1473 2443 versichert,
1499 2404 1566 2444 vgl.
1592 2414 1620 2435 c.

956 2450 986 2490 4,
1005 2450 1035 2488 2,
1064 2450 1168 2480 worin
1200 2450 1250 2481 die
1270 2449 1532 2488 Dienstleistung
1561 2448 1620 2479 be-

955 2496 1059 2533 stehe,
1070 2495 1153 2525 kann
1167 2505 1226 2526 aus
1240 2495 1310 2525 dem
1320 2494 1620 2533 Zusammenbange

956 2545 1162 2571 entnonimen
1183 2540 1326 2577 werden,
1350 2539 1430 2570 doch
1456 2538 1617 2569 verinuth.

957 2585 1069 2616 Duker
1097 2585 1185 2616 nicht
1212 2583 1528 2616 unwalirscheinlich
1546 2593 1620 2614 eam

955 2634 1039 2661 statt
1052 2632 1129 2661 iam.
1140 2632 1208 2661 lam
1224 2631 1304 2670 (iam
1313 2630 1337 2670 ?)
1352 2628 1419 2667 diu,
1430 2627 1620 2669 s.25‚13.-

1653 836 1692 868 10

1654 1114 1692 1145 15

1649 1396 1691 1427 20
