1784 2967
84 883 123 914 10

83 1165 120 1195 15

585 254 712 289 LIBER
730 254 854 288 XXIV.
890 255 982 290 CAP.
1000 256 1054 290 31.
1072 256 1126 290 32.
1507 257 1560 297 69

154 276 182 295 a.
198 267 251 293 ch.
268 268 328 292 2²14.

153 361 250 400 falso
287 359 458 399 nuntiata
495 364 622 406 crant,
659 364 934 411 auctoremque
970 372 1011 398 se
1037 360 1251 399 exhibendo
1283 372 1327 399 ac
1355 359 1454 399 velut
1481 359 1559 399 visa
1591 369 1629 400 15

155 430 250 470 quac
271 417 383 456 dubia
405 422 513 456 erant
533 417 726 456 narrando
750 416 958 455 concitaret
977 416 1052 455 iras
1075 417 1295 456 hominum.

265 474 364 513 Huic
383 486 462 513 non
485 474 586 525 apud
604 474 756 524 volgum
775 473 892 511 modo
910 473 1004 512 fides
1021 473 1103 520 fuit,
1125 475 1191 513 sed
1210 479 1388 513 senatum
1405 486 1559 525 quoque
1585 478 1637 517 32

153 532 192 570 in
221 532 365 571 curiam
387 531 631 570 introductus
654 530 786 568 movit.
822 530 922 569 haud
944 530 1030 569 vani
1052 530 1207 581 quidam
1230 531 1410 570 homines
1434 531 1558 582 palam

151 589 252 628 ferre
270 587 438 640 perbene
455 588 641 626 detectam
655 587 694 625 in
706 587 906 625 Leontinis
925 600 1011 625 esse
1027 587 1221 626 avaritiam
1240 593 1276 626 et
1299 588 1558 627 crudelitatem

154 646 435 684 Romanorum.
471 644 617 685 eadem.
642 645 674 682 si
692 644 904 683 intrassent
920 644 1142 695 Syracusas,
1165 650 1229 683 aut
1244 644 1416 683 foediora
1434 645 1560 691 etiam,

153 715 228 753 quo
259 701 383 741 maius
412 701 462 740 ibi
485 701 662 740 avaritiae
683 701 898 752 praemium
921 706 1039 748 esset,
1069 701 1241 739 facturos
1262 701 1395 741 fuisse.
1434 702 1561 752 itaque
1589 708 1608 740 2

154 758 385 798 claudendas
416 758 541 797 cuncti
569 763 702 809 portas
731 763 767 796 et
794 757 1087 796 custodiendam
1117 758 1256 797 urbem
1284 770 1451 796 censere.
1493 758 1558 796 sed

153 828 232 854 non
253 815 298 854 ab
321 815 444 854 isdem
463 815 590 854 omnis
607 815 746 854 timere
761 827 833 853 nec
849 815 1006 854 eosdem
1027 815 1174 854 odisse:
1196 815 1240 853 ad
1259 814 1421 853 militare
1437 826 1559 865 genus

154 884 270 911 omne
292 878 519 924 partemque
536 884 715 923 magnam
734 871 857 922 plebis
874 872 1041 910 invisum
1060 885 1146 911 esse
1162 884 1305 911 nomen
1320 872 1560 919 Romanum,

151 935 351 981 praetores
381 930 702 980 optimatiumque
730 929 858 980 pauci,
888 941 1122 980 quamquam
1151 929 1268 967 inflati
1297 941 1394 967 vano
1421 928 1558 968 nuntio
1588 938 1606 967 3

150 991 271 1031 erant,
293 992 422 1025 tamen
440 986 484 1024 ad
504 987 666 1037 propius
684 985 1003 1037 praesentiusque
1020 986 1161 1024 malum
1181 985 1370 1024 cautiores
1387 998 1485 1025 esse.
1522 991 1560 1024 et
1587 997 1606 1028 4

151 1044 223 1082 iam
243 1043 287 1082 ad
306 1042 540 1094 Hexapylum
560 1048 670 1081 erant
684 1043 939 1094 Hippocrates
959 1047 1071 1093 atque
1087 1042 1289 1093 Epicydes,
1310 1042 1557 1082 serebantur-

151 1113 224 1151 que
246 1100 450 1150 conloquia
472 1112 541 1150 per
561 1100 806 1151 propinquos
829 1099 1086 1150 popularium,
1111 1099 1174 1150 qui
1196 1099 1234 1137 in
1252 1099 1418 1138 exercitu
1436 1105 1556 1145 erant,

151 1164 193 1196 ut
208 1163 340 1208 portas
355 1156 549 1208 aperirent
560 1157 807 1206 sinerentque
821 1168 1068 1194 communem
1082 1156 1242 1207 patriam
1259 1156 1411 1195 defendi
1424 1157 1469 1196 ab
1482 1156 1556 1195 im—

149 1220 241 1265 petu
261 1214 540 1252 Romanorum.
581 1214 656 1252 iam
677 1213 766 1252 unis
782 1213 934 1252 foribus
951 1213 1133 1264 Hexapyli
1150 1213 1290 1264 apertis
1309 1214 1434 1265 coepti
1450 1219 1559 1252 erant
1587 1220 1604 1250 5

149 1270 277 1321 recipi,
301 1283 388 1308 cuin
411 1276 609 1320 praetores
632 1270 930 1309 intervenerunt.
969 1275 1005 1309 ct
1023 1270 1148 1322 primo
1168 1271 1331 1321 imperio
1351 1270 1557 1322 minisque,

149 1327 286 1366 deinde
312 1326 538 1365 auctoritate
565 1327 814 1373 deterrendo,
842 1334 1063 1379 postremo,
1092 1333 1133 1366 ut
1160 1327 1290 1367 omnia
1317 1340 1413 1367 vana
1440 1333 1559 1374 erant,

199 1421 267 1460 32·
301 1428 396 1460 1—3.
427 1428 519 1460 leand
534 1431 625 1469 vani,
650 1429 740 1460 nicht
758 1440 818 1460 un·
893 1430 993 1460 sehon
1012 1440 1043 1460 u.
1064 1439 1092 1460 s.
1112 1439 1154 1460 w.
1172 1448 1214 1451 -—
1231 1430 1465 1473 popularium,
1489 1430 1561 1462 hier

154 1474 402 1515 zuverliissige‚
426 1479 521 1506 sonst
538 1475 746 1515 selbstiindig
762 1485 818 1506 ur-
893 1475 956 1505 wie
976 1473 996 1516 ξ
1017 1475 1053 1513 73
1074 1486 1101 1506 c.
1121 1474 1151 1513 2,
1170 1474 1188 1505 S
1207 1474 1343 1516 Biirger,
1362 1486 1389 1507 s.
1408 1486 1435 1507 e.
1457 1475 1509 1513 27,
1529 1476 1559 1507 2:

153 1520 330 1552 theilende.
355 1538 399 1542 —-
420 1522 577 1564 perbene,
611 1531 646 1551 es
671 1521 718 1552 sei
743 1521 820 1552 sehr
892 1520 1052 1563 populari
1067 1521 1177 1552 turha.
1194 1539 1239 1543 —
1256 1523 1332 1552 nnis
1345 1522 1394 1563 s„
1419 1521 1477 1552 das
1501 1521 1558 1552 lle-

154 1571 222 1606 gut,
241 1566 328 1606 dass,
348 1575 374 1596 s.
395 1565 421 1604 l,
443 1565 492 1606 13,
511 1566 546 1596 3:
564 1566 697 1598 melius.
716 1584 760 1589 —
776 1566 822 1598 ad
892 1566 1042 1609 mapgslon
1071 1576 1142 1597 war
1171 1566 1222 1597 ein
1253 1566 1403 1607 Eingang
1431 1576 1470 1597 an
1501 1567 1560 1598 der

154 1612 215 1643 wie
235 1610 255 1652 ξ
272 1611 298 1642 1;
316 1610 417 1653 apud,
437 1621 463 1642 S.
479 1611 509 1652 6,
524 1610 576 1649 34,
592 1612 628 1649 ὃς
649 1611 771 1652 29,11,
787 1611 818 1642 4.

154 1676 195 1680 -
213 1656 310 1688 milit.
326 1667 415 1698 gen„
435 1667 461 1688 s,
480 1667 506 1688 c.
527 1656 587 1696 23,
609 1657 667 1695 103
687 1657 745 1695 44,
765 1657 818 1697 45,

154 1704 189 1733 5:
209 1703 295 1734 aliae
309 1702 466 1733 militaris
477 1703 618 1744 generis
633 1704 817 1734 turbae.—

154 1751 268 1791 0plim.
287 1746 401 1778 friiher
415 1746 463 1778 oft
476 1749 646 1791 principes
661 1753 815 1788 genannt.

153 1813 194 1815 —
209 1793 319 1834 inflati
331 1793 413 1823 wird
428 1792 601 1823 bisweilen
616 1804 678 1824 von
696 1793 815 1833 irriger]

157 1838 334 1869 Ansichten
359 1836 556 1875 gebraucht,
580 1838 678 1869 meist
696 1838 817 1878 jedoch

155 1884 213 1914 mit
230 1883 301 1913 dem
319 1881 567 1924 Nebenbegrils,
594 1883 652 1915 dcr
674 1883 817 1914 dadurch

155 1928 338 1959 hewirkten
349 1927 651 1969 Ueberschiitzung,
663 1929 727 1960 Cic.
739 1929 819 1960 Acd.

156 1974 185 2011 2,
200 1972 253 2012 36,
271 1971 348 2003 116:
363 1976 457 2004 estne
469 1974 644 2015 qlcc'squa‘tn
660 1977 753 2005 tanto
767 1975 819 2005 in-

146 2019 257 2061 status
275 2020 414 2050 errore?
431 2017 525 2050 Osflc.
548 2019 576 2059 1,
592 2019 645 2059 26,
664 2019 701 2050 91
716 2031 722 2050 :
743 2030 817 2051 enm

154 2066 306 2096 nomines
319 2063 431 2105 inflati
445 2065 656 2107 opinionibus
672 2067 821 2108 turpiter

154 2109 360 2148 irrz'dentm·‚·
381 2108 417 2140 L.
436 2109 466 2149 6,
488 2109 538 2149 11,
558 2109 592 2140 6:
618 2110 669 2141 his
688 2112 818 2154 opinio-

153 2157 251 2187 nibus
269 2154 386 2197 inflato
404 2157 536 2192 animm·
560 2155 602 2187 ib.
625 2155 682 2196 18,
701 2157 736 2194 53
764 2155 816 2193 35,

156 2200 207 2243 49,
226 2199 262 2231 4:
281 2200 417 2242 inflasse
435 2211 519 2232 vana
535 2212 594 2244 spe
608 2204 707 2243 atque
722 2201 818 2242 infla-

157 2249 207 2279 tos
225 2256 299 2277 esse
316 2257 345 2277 u.
363 2256 392 2276 a.
410 2264 454 2268 ——
471 2246 516 2278 ad
530 2257 638 2290 prop„
658 2247 687 2278 in
708 2246 819 2278 Riick-

156 2292 240 2322 sicht
254 2290 317 2333 auf,
332 2301 446 2331 gegen,
464 2291 517 2330 25,
533 2292 585 2331 38,
604 2293 660 2323 14:
681 2293 748 2324 tati
764 2292 817 2324 ad.

155 2347 299 2380 —prop.
313 2338 536 2380 praesentius,
552 2338 654 2369 niiher
667 2338 729 2369 und
741 2338 817 2369 dro-

155 2383 288 2424 hender,
303 2382 513 2422 dringcnder,
529 2393 555 2413 s.
571 2382 600 2423 2,
618 2382 671 2423 36,
686 2383 716 2414 5.
753 2383 820 2414 Der

156 2428 234 2459 Satz
256 2431 434 2471 praetores
457 2445 500 2450 ———
524 2439 598 2459 esse
621 2428 749 2460 euthfflt
767 2429 819 2460 die

156 2474 276 2505 zweite
293 2474 352 2504 der
370 2474 399 2504 in
419 2473 543 2505 eisdem
560 2492 605 2496 -—
619 2474 753 2505 eosdem
770 2474 820 2505 als

157 2530 197 2549 zu
215 2517 387 2550 ffirchtend
412 2518 646 2551 bezeichneten
665 2518 820 2550 Parteien

156 2565 221 2595 und
246 2564 348 2595 bildet
371 2564 520 2605 zugleich
546 2565 605 2596 den
624 2564 822 2605 Uebergang

157 2620 230 2641 zum
248 2609 451 2650 Folgendeu.

201 2655 300 2686 4—5.
335 2658 368 2686 et
394 2655 458 2687 und
489 2655 519 2686 in
549 2655 608 2687 der
637 2655 724 2687 That
751 2665 822 2687 war

157 2701 247 2732 diese
258 2700 414 2732 Vorsieht
424 2701 511 2732 nicht
525 2701 722 2741 vergebens,
737 2701 821 2733 denn

897 1612 1072 1643 [Nor-dseite
1090 1612 1150 1642 der
1167 1612 1281 1652 stadt,
1300 1612 1446 1643 welcher
1464 1612 1559 1643 seehs

894 1657 1004 1688 There
1035 1658 1144 1688 hinter
1173 1657 1331 1688 einander·
1360 1658 1460 1695 hatte,
1494 1657 1557 1688 wie

890 1703 971 1733 auch
996 1703 1047 1733 die
1065 1702 1174 1733 Thore
1200 1703 1258 1734 der
1281 1703 1370 1734 alten
1390 1702 1507 1734 Stadte
1526 1703 1557 1734 in

891 1748 1007 1779 ltalien
1038 1748 1130 1779 meht-
1159 1748 1294 1788 langere
1324 1759 1387 1779 von
1420 1748 1555 1780 Mauern

891 1794 1138 1824 uuuschlossene
1152 1793 1284 1831 Ra'ume,
1301 1804 1325 1824 s.
1346 1793 1482 1834 1‚19,3;
1503 1793 1556 1832 31,

892 1839 943 1879 21,
963 1840 998 1869 9ι
1017 1838 1179 1881 dspylmu,
1199 1839 1327 1870 iihnlieh
1348 1840 1408 1870 den
1425 1839 1555 1870 Thoren

893 1894 1034 1914 unserer
1054 1884 1253 1926 Festungen,
1271 1885 1320 1915 als
1340 1884 1451 1915 blosse
1470 1884 1556 1915 Aus-

892 1930 955 1960 und
975 1929 1144 1969 Eiug'a'uge
1163 1939 1286 1960 waren.
1326 1930 1483 1970 Ohgleich
1503 1929 1560 1960 da—

892 1975 951 2005 her
969 1975 1029 2005 ein
1048 1974 1138 2005 Thor
1155 1974 1301 2014 geliffuet
1314 1985 1394 2015 war,
1414 1975 1557 2006 konuten

893 2021 974 2050 doch
992 2020 1043 2051 die
1062 2019 1220 2051 Soldateu
1248 2021 1329 2051 noch
1348 2021 1437 2051 nieht
1456 2021 1484 2052 in
1506 2021 1557 2051 die

893 2065 990 2096 stadt
1022 2065 1201 2105 gelangen,
1244 2066 1354 2097 dieses
1388 2066 1560 2105 gesehieht

892 2115 963 2142 urst
980 2110 1000 2151 ξ
1019 2111 1052 2141 6:
1077 2112 1233 2152 effractis
1258 2112 1452 2143 omnibus
1475 2121 1557 2154 por-

892 2158 945 2195 tis,
965 2156 1121 2187 naehdeln
1141 2157 1210 2187 eins
1229 2157 1309 2188 nach
1328 2157 1397 2188 dem
1412 2157 1556 2187 anderen

890 2201 1071 2232 erbrochen
1090 2201 1144 2233 ist.
1180 2202 1278 2233 Hauc
1296 2202 1331 2233 L.
1349 2213 1388 2233 an
1407 2202 1558 2233 mehrere

891 2246 1001 2278 There
1020 2247 1147 2278 nebeu
1167 2248 1325 2278 einander
1341 2247 1499 2287 gedacht,
1520 2257 1556 2276 so

891 2293 983 2323 ware
997 2293 1060 2323 ihm
1073 2293 1157 2323 wohl
1170 2292 1257 2324 nicht
1267 2297 1465 2332 entgangen,
1480 2292 1556 2322 dass

891 2338 990 2368 durch
1023 2338 1080 2369 das
1111 2338 1236 2369 bereits
1265 2338 1447 2377 geh'll'nete,
1475 2337 1555 2367 auch

891 2393 986 2414 weuu
1006 2383 1056 2414 die
1071 2383 1207 2424 iibrigen
1224 2383 1456 2414 verschlossen
1473 2381 1556 2412 blie-

893 2429 972 2465 ben,
1003 2429 1055 2459 die
1074 2428 1228 2470 Truppcn
1254 2429 1366 2459 hatten
1385 2427 1555 2458 eiuziehen

892 2474 1034 2505 kiinncn.
1049 2492 1092 2496 —
1106 2476 1220 2516 coepti,
1237 2474 1265 2503 in
1283 2474 1342 2504 den
1359 2472 1458 2504 Raum
1475 2474 1556 2503 zwi-

894 2520 991 2550 scheu
1002 2520 1071 2550 dem
1088 2524 1199 2550 ersten
1211 2518 1423 2549 undzweiten
1434 2517 1555 2549 Thore.

892 2583 937 2587 ·—
953 2567 1042 2596 allel.
1057 2565 1189 2603 detera,
1209 2563 1315 2594 iudom
1330 2563 1378 2594 sie
1392 2563 1492 2594 durch
1508 2563 1558 2593 iln-

895 2610 1120 2652 perso'nliches
1169 2609 1339 2647 Auseheu,
1389 2608 1557 2649 Ueberge-

894 2656 1005 2694 wicht,
1032 2666 1058 2685 s.
1083 2654 1136 2692 26,
1160 2654 1214 2687 40,
1240 2653 1277 2692 6;
1306 2653 1334 2690 1,
1354 2654 1383 2693 7,
1402 2654 1433 2693 S,
1458 2653 1559 2684 abzu—

896 2700 1076 2732 schrecken
1108 2700 1258 2737 suchten,
1297 2699 1361 2739 vgl.
1383 2699 1495 2741 3,15,
1522 2698 1556 2735 ῖς
