1784 2967
49 848 87 879 10

50 1127 88 1158 15

47 1408 88 1440 20

118 251 144 269 a.
160 242 211 268 eh.
225 242 286 268 205.
542 232 670 265 LIBER
693 231 850 266 XXVIII.
900 232 993 266 CAP.
1022 234 1076 266 42.

1439 235 1522 274 225

115 341 228 386 atque
248 335 426 374 universa
446 335 552 374 Italia
573 334 722 374 retinet.
753 346 833 373 non
854 340 966 385 potes
988 347 1036 373 ne
1058 335 1141 386 ipse
1163 335 1319 387 quidem
1336 335 1521 375 dissimu-

115 393 209 438 lare,
236 391 301 431 ubi
328 391 516 431 Hannibal
543 391 612 437 sit,
641 391 692 429 ibi
730 396 844 441 caput
871 395 983 442 atque
1012 404 1138 430 arcem
1167 392 1283 430 huius
1312 392 1398 431 belli
1425 405 1524 440 esse,

117 448 260 499 quippe
289 449 353 498 qui
382 461 472 499 prae
498 453 535 486 te
559 447 659 486 feras
688 459 771 485 eam
793 446 862 485 tibi
886 459 1040 486 causam
1062 449 1266 487 traiciendi
1283 450 1323 486 in
1346 447 1525 500 Africam

117 516 218 551 esse,
240 509 282 543 ut
302 504 554 543 Hannibalem
575 515 620 542 eo
641 503 790 541 trahas:
812 503 889 541 sive
905 503 963 542 hic
980 503 1094 553 igitur
1109 504 1187 542 sive
1202 504 1287 551 illic,
1311 517 1399 543 cum
1415 504 1526 544 Han-

118 560 244 599 nibale
277 565 335 599 est
366 560 436 599 tihi
462 560 589 599 futura
622 572 697 598 res.
745 564 873 599 utrum
900 560 1056 598 tandem
1087 572 1177 610 ergo
1207 560 1356 599 firmior
1382 560 1458 600 eris
1485 562 1525 599 in

117 616 243 655 Africa
272 617 398 663 solus,
427 628 475 655 an
502 616 564 654 hic
583 621 650 654 tuo
673 616 930 667 conlegaeque
950 616 1005 655 tui
1028 616 1195 655 exercitu
1216 615 1454 656 coniuncto?
1475 630 1525 656 ne

118 672 296 711 Claudius
323 672 477 723 quidem
505 677 543 710 et
562 672 690 711 Livius
724 672 904 711 consules
925 677 1003 711 tam
1025 673 1167 710 recenti
1189 673 1377 723 exemplo,
1401 685 1524 724 quan-

116 734 199 767 tum
220 728 257 766 id
279 728 441 775 intersit,
463 728 697 767 documento
721 727 842 767 sunt?
863 727 984 779 quid?
1015 728 1268 767 Hannibalem
1291 735 1419 768 utrum
1437 735 1524 768 tan-

117 785 204 823 dem
233 789 427 823 extremus
454 785 616 835 angulus
646 785 725 835 agri
747 784 901 830 Bruttii,
929 785 1074 823 frustra
1102 785 1175 823 iam
1205 785 1266 823 diu
1299 791 1526 835 poscentem

117 841 162 879 ab
184 841 302 879 domo
325 840 480 887 auxilia,
499 836 547 879 an
570 841 788 892 propinqua
809 840 997 891 Carthago
1021 846 1058 879 et
1076 846 1156 880 tota
1179 841 1280 880 socia
1298 842 1434 892 Africa
1450 854 1527 893 po-

115 897 321 935 tentiorem
356 897 473 936 armis
506 897 673 948 virisque
704 896 847 936 faciet‘?
875 898 979 948 quod
1015 897 1116 935 istud
1152 897 1356 936 consilium
1386 903 1445 936 est
1472 898 1523 936 ibi

117 953 227 991 malle
254 954 477 999 decernere,
505 953 569 992 ubi
596 959 684 992 tuae
711 954 871 992 dimidio
894 954 1065 991 minores
1088 953 1221 1003 copiae
1241 953 1330 999 sint,
1352 953 1526 992 hostium

117 1009 238 1048 multo
262 1009 445 1055 maiores,
469 1022 583 1060 quam
607 1010 671 1048 ubi
693 1009 844 1048 duobus
868 1009 1096 1047 exercitibus
1119 1010 1303 1047 adversus
1327 1021 1446 1048 unum
1469 1014 1528 1047 tot,

118 1065 274 1115 proeliis
302 1070 339 1103 et
364 1071 442 1104 tam
465 1066 646 1104 diuturna
668 1070 705 1104 et
726 1066 829 1115 gravi
850 1065 982 1104 militia
1003 1065 1150 1103 fessum
1174 1066 1425 1116 pugnandum
1448 1064 1527 1104 sit?

119 1134 233 1172 quam
253 1134 412 1172 compar
429 1122 633 1161 consilium
651 1127 760 1160 tuum
779 1122 950 1173 parentis
967 1121 1021 1160 tui
1040 1121 1199 1160 consilio
1218 1122 1278 1163 sit,
1297 1126 1443 1172 reputa.
1467 1121 1528 1160 ille

119 1177 256 1216 consul
284 1178 481 1228 profectus
510 1178 549 1216 in
572 1178 809 1229 Hispaniam,
830 1182 873 1216 ut
893 1177 1093 1216 Hannibali
1115 1177 1160 1216 ab
1181 1177 1341 1228 Alpibus
1365 1178 1528 1216 descen-

120 1234 226 1272 denti
249 1239 480 1278 occurreret,
503 1235 542 1272 in
563 1235 705 1273 Italiam
729 1247 772 1272 ex
794 1234 989 1285 provincia
1008 1233 1139 1272 rediit:
1160 1238 1215 1283 tu,
1239 1246 1326 1272 cum
1342 1234 1531 1273 Hannibal

118 1290 156 1328 in
186 1289 290 1328 Italia
318 1291 385 1336 sit,
418 1290 632 1340 relinquere
653 1291 798 1329 Italiam
822 1302 952 1340 paras,
982 1302 1062 1328 non
1092 1290 1178 1340 quia
1207 1289 1261 1328 rei
1289 1290 1464 1340 publicae
1490 1291 1528 1328 id

116 1346 225 1393 utile,
251 1346 318 1384 sed
347 1347 434 1396 quia
460 1346 528 1385 tibi
549 1346 720 1397 amplum
743 1352 780 1385 et
800 1346 1014 1397 gloriosum
1037 1357 1172 1384 censes
1195 1359 1297 1391 esse,
1320 1347 1420 1385 sicut
1441 1359 1529 1385 cum

118 1402 314 1453 provincia
337 1407 374 1441 et
393 1402 561 1441 exercitu
578 1403 710 1441 relicto
729 1403 812 1441 sine
829 1403 922 1453 loge,
946 1402 1029 1441 sine
1045 1407 1201 1440 senatus
1224 1403 1415 1448 consulto,
1434 1403 1529 1442 dua-

118 1460 190 1497 bus
222 1459 397 1506 navibus,
434 1459 567 1509 populi
595 1459 762 1498 Romani
797 1459 1021 1509 imperator,
1047 1459 1245 1497 fortunam
1273 1459 1467 1509 publicam
1495 1464 1532 1497 et

118 1515 356 1554 maiestatem
378 1514 534 1565 imperi,
563 1528 658 1566 quae
678 1520 761 1554 tum
783 1515 821 1554 in
842 1520 907 1554 tuo
932 1515 1054 1565 capite
1074 1513 1397 1565 periclitabantur,
1421 1528 1531 1554 com-

120 1571 272 1610 misisti.
319 1584 390 1622 ego
419 1572 460 1610 P.
483 1572 703 1610 Cornelium
734 1572 790 1610 rei
823 1571 996 1623 publicae
1025 1571 1219 1622 nobisque
1246 1582 1325 1610 non
1355 1572 1427 1610 sibi
1454 1571 1530 1622 ipsi

119 1705 242 1737 sz‘dimn
260 1707 357 1745 esse),
376 1717 401 1737 s.
421 1706 475 1745 24,
493 1707 547 1747 40,
566 1706 605 1745 23
625 1706 678 1744 23,
697 1707 750 1747 32,
769 1706 788 1737 2

120 1761 151 1781 u.
175 1760 205 1781 a.
224 1769 266 1773 —
284 1753 386 1793 caput
408 1762 439 1783 a.
462 1762 551 1791 arc„
578 1753 636 1782 der
661 1752 788 1783 Mittel-

119 1796 185 1826 und
202 1795 417 1837 Stiitzpunkt,
436 1806 462 1827 s.
479 1796 532 1836 33,
550 1797 600 1836 14,
619 1796 653 1827 2:
671 1797 790 1828 urbem

120 1850 180 1883 pru
206 1851 284 1872 arce
307 1841 486 1873 habiturus
510 1845 592 1879 εἴας
618 1841 678 1881 26,
698 1842 734 1880 7,
754 1840 788 1872 3:

121 1888 223 1928 caput
238 1887 351 1928 ipsum
370 1886 445 1918 belle·
460 1885 624 1924 Romam·;
645 1886 674 1925 3,
696 1886 746 1926 10,
761 1886 788 1927 8,

120 1931 187 1970 vgl.
206 1941 232 1961 c.
252 1930 304 1971 35,
326 1931 377 1962 12.
400 1950 443 1954 —
467 1934 583 1963 utrum
607 1934 629 1963 t.
649 1941 743 1973 ergo,
763 1941 789 1962 S.

122 1975 188 2006 Cic.
213 1975 313 2007 Tusc.
339 1977 369 2016 5,
393 1976 446 2014 24,
472 1976 531 2007 69:
566 1987 629 2018 qno
656 1976 790 2007 tandem

119 2021 229 2061 igitur
248 2020 395 2062 gaudi03
426 2021 556 2052 Cluent.
580 2021 633 2062 24,
657 2020 717 2059 653
750 2020 788 2052 L.

121 2065 174 2105 37,
197 2065 251 2105 53,
274 2065 331 2097 23:
368 2077 431 2108 quo
455 2066 588 2098 tandem
611 2068 720 2108 igitur
745 2083 790 2088 —

119 2113 288 2152 praemi03
319 2110 385 2142 Cic,
404 2111 504 2143 Tusc.
527 2111 554 2151 1,
573 2111 626 2151 24,
646 2110 703 2142 56:
736 2110 791 2142 illa

123 2155 257 2186 tandem
295 2166 378 2187 num
417 2156 541 2188 Iert'ora
579 2166 706 2188 censes.
747 2175 789 2178 —

122 2202 283 2240 quantum
307 2200 344 2231 id
363 2201 400 2240 22,
424 2201 487 2231 wie
510 2201 576 2232 viel
602 2200 721 2232 darauf
733 2211 790 2237 an-

124 2245 267 2283 komme,
306 2245 381 2276 dass
423 2246 506 2276 zwei
543 2247 789 2277 consului-isene

124 2289 231 2320 Heere
250 2299 436 2320 zusammen
455 2291 618 2331 operit-en.

172 2333 326 2365 18—19.
368 2335 528 2365 Hannibal
551 2335 595 2366 ist
619 2336 649 2366 in
675 2335 791 2366 italien

125 2379 264 2410 leicbtcr
277 2390 318 2410 zu
332 2379 544 2411 iiberwinden
559 2380 608 2411 als
623 2381 653 2411 111
668 2379 791 2411 Africa.

122 2442 166 2446 ——
191 2426 284 2455 socia
306 2425 399 2465 Asr„
422 2424 443 2466 ξ
464 2424 522 2463 123
559 2426 682 2464 Africa
705 2425 789 2455 kann

126 2469 195 2500 11161·
212 2470 301 2500 nicht
318 2470 383 2500 wol
403 2467 524 2508 felilen,
543 2470 665 2501 ebenso
685 2471 792 2509 wenig

125 2515 143 2554 ξ
161 2513 212 2545 16:
229 2514 405 2546 traiciendi
415 2516 449 2545 in
463 2516 633 2556 dsrieam.
649 2533 693 2537 —
705 2515 794 2557 quod

124 2561 181 2590 ist.
201 2564 281 2590 etc.:
314 2560 377 2590 wie
401 2560 560 2591 verkehrt
577 2561 667 2591 wiire
686 2570 739 2597 es,
766 2570 791 2591 s.

125 2604 180 2643 21,
201 2603 251 2642 19,
269 2605 301 2635 9.
318 2623 362 2627 -
379 2604 531 2646 dimidio,
560 2616 611 2636 um
631 2605 687 2636 das
705 2605 793 2636 11661·

126 2649 182 2680 iles
200 2650 343 2681 anderen
362 2649 515 2682 Consuls.

198 2704 324 2732 Til.Liv.
341 2704 385 2731 vl.
406 2703 432 2732 2.
455 2706 530 2732 Αι111.

907 1705 1052 1737 20—21.
1088 1707 1153 1738 Das
1174 1706 1315 1748 Beispiel
1333 1706 1447 1737 deines
1466 1705 1533 1737 Va-

863 1756 952 1790 ters,
987 1752 1077 1782 nicht
1103 1751 1182 1782 eitle
1206 1750 1410 1782 Ruhmsucht
1441 1761 1532 1782 lnuss

863 1797 934 1826 dich
959 1796 1073 1827 leiten.
1097 1814 1140 1818 —
1163 1806 1264 1837 qnam
1281 1806 1436 1839 compar,
1469 1796 1532 1827 wie

863 1840 948 1871 kann
979 1841 1171 1880 verglichen
1201 1841 1346 1880 werden,
1377 1841 1439 1872 wie
1468 1852 1533 1872 un-

863 1886 969 1926 gleich
988 1886 1031 1917 ist
1048 1886 1146 1924 doch,
1178 1896 1204 1917 5.
1226 1886 1253 1926 1,
1270 1886 1300 1925 9,
1321 1887 1358 1924 53
1393 1886 1460 1926 vgl.
1479 1885 1532 1925 30,

864 1931 919 1971 44,
941 1931 991 1962 11.
1006 1949 1050 1952 —
1064 1931 1215 1971 consilio,
1230 1931 1415 1962 cbiastisch.
1448 1931 1532 1962 Dass

864 1976 924 2006 (161·
947 1974 1052 2006 Vater
1078 1975 1205 2017 Scipios
1236 1986 1339 2016 gegen
1371 1976 1532 2007 Hannibal

864 2020 1030 2051 hestimmt
1052 2021 1116 2052 und
1134 2021 1259 2052 damals
1278 2021 1328 2052 ein
1348 2021 1532 2052 consulari-

864 2066 959 2096 sches
978 2065 1065 2096 Heer
1078 2067 1167 2097 nicht
1182 2067 1211 2097 in
1225 2065 1340 2097 Italien
1355 2077 1435 2105 war,
1449 2066 1534 2097 wird

864 2111 953 2141 nieht
985 2111 1149 2142 beachtet.
1184 2130 1225 2133 —
1258 2122 1324 2142 71οη
1360 2113 1439 2153 quia
1469 2116 1534 2143 etc.

863 2156 940 2195 geht
964 2154 1023 2186 auf
1043 2166 1070 2186 c.
1094 2156 1147 2193 41,
1180 2157 1190 2186 1
1220 2156 1356 2186 zuriick.
1375 2174 1418 2178 —
1435 2157 1534 2195 sicut,

864 2201 928 2231 wie
958 2201 999 2231 du
1023 2201 1104 2231 auch
1135 2201 1258 2232 damals
1288 2211 1346 2231 aus
1372 2201 1534 2233 Eitelkeit

864 2246 926 2276 den
945 2245 1039 2277 Staat
1055 2245 1083 2275 in
1100 2244 1224 2276 Gefalir
1237 2250 1389 2277 setztest.
1405 2264 1449 2269 ——
1462 2248 1535 2278 Sine

864 2291 954 2331 lege,
980 2291 1030 2321 ein
1050 2290 1254 2321 bestimmtes
1274 2290 1398 2322 Gesetz
1416 2292 1535 2323 verhot

865 2336 974 2366 dieses
998 2336 1120 2366 dainals
1146 2336 1211 2366 wol
1235 2336 1315 2366 noch
1342 2336 1441 2371 nicht,
1461 2346 1487 2367 s.
1507 2347 1533 2368 c.

865 2380 919 2419 40,
938 2381 972 2411 4:
991 2381 1135 2423 populas
1149 2382 1267 2419 iussim
1286 2380 1340 2419 27,
1355 2380 1408 2421 43,
1423 2381 1461 2419 ὃς
1482 2382 1535 2421 29,

868 2425 918 2464 19,
939 2424 968 2456 6.
992 2444 1035 2448 -
1058 2425 1260 2468 ρενϊσίίέαὺ..
1295 2436 1389 2456 wenn
1415 2426 1466 2457 dir
1484 2428 1535 2457 ein

865 2469 1015 2510 Ungliick
1049 2471 1211 2510 begegnet
1251 2471 1357 2507 ware,
1399 2472 1535 2513 Syphax

866 2516 946 2545 oder
970 2516 1022 2546 die
1041 2515 1163 2546 Punier
1186 2516 1258 2546 dicli
1283 2514 1443 2555 gesangen
1463 2517 1535 2548 biit—

867 2564 932 2599 ten,
950 2560 1063 2591 wiirde
1079 2561 1139 2591 der
1152 2561 1247 2591 Staat
1259 2561 1398 2600 genuen
1418 2561 1533 2593 baben.

911 2604 964 2635 22.
984 2605 1121 2636 Schluss
1139 2606 1197 2637 init
1214 2616 1276 2647 ego
1294 2606 1357 2636 wie
1376 2606 1428 2648 21,
1448 2606 1477 2648 3,
1495 2606 1533 2645 6;

866 2648 918 2690 22,
946 2648 998 2691 60,
1025 2649 1064 2681 27
1084 2661 1115 2682 11.
1133 2661 1175 2691 a„
1199 2651 1259 2682 (161·
1277 2650 1402 2683 Zusatz
1417 2654 1535 2695 patres

1556 510 1596 542 17

1557 734 1597 767 18

1558 904 1599 936 19

1557 1127 1600 1160 20

1557 1297 1598 1330 21

1559 1577 1602 1610 22
