1784 2967
28 881 69 915 10

27 1163 66 1195 15

24 1443 65 1476 20

512 263 635 295 LIBER
661 261 803 295 XXVII.
853 264 946 296 CAP.
978 264 1028 295 16.
1058 264 1108 295 17.

1447 264 1499 302 47

103 283 130 301 a.
147 275 198 300 Ch.
213 275 273 299 209.

98 373 225 406 tamen
254 366 435 416 fugientis
458 366 576 404 modo
598 365 835 404 convertisse
854 377 991 415 agmen
1013 366 1222 412 videretur,
1250 374 1331 416 quo,
1350 365 1501 403 consti-

97 428 221 463 tuerat
240 423 341 469 loco,
364 423 532 473 quinque
549 422 662 460 millia
683 421 805 465 ferme
827 421 873 459 ab
896 422 989 460 urbe
1010 422 1142 472 posuit
1164 426 1298 460 castra.
1334 421 1383 460 ibi
1400 433 1498 472 pau-

99 493 165 518 cos
189 485 362 518 moratus
384 479 464 518 dies
482 479 743 529 Metapontum
767 490 852 516 sese
873 478 1030 528 recepit.
1072 479 1159 516 inde
1181 478 1279 517 duos
1296 478 1497 529 Metapon-

96 537 200 575 tinos
229 548 316 575 cum
342 536 475 575 litteris
506 534 724 586 principum
754 534 835 572 eius
858 534 1018 573 civitatis
1041 535 1085 573 ad
1109 534 1267 573 Fabium
1290 536 1496 573 Tarentum

98 593 232 638 mittit,
262 593 374 630 fidem
404 592 449 630 ab
479 591 637 629 consule
664 596 890 642 accepturos
921 591 1094 642 inpunita
1115 590 1162 628 iis
1184 591 1314 641 priora
1336 591 1436 639 fore,
1466 591 1498 629 si

96 650 357 699 Metapontum
379 648 449 698 [iis]
469 660 554 686 cum
573 647 764 698 praesidio
776 647 922 686 Punico
942 647 1214 698 prodidissent.
1240 647 1380 686 Fabius
1399 659 1496 693 vera,

97 718 192 756 qnae
215 706 417 750 adferrent,
439 717 524 742 esse
545 708 651 742 ratus
675 704 794 751 diem,
824 717 897 755 qna
919 716 1146 743 accessurus
1168 709 1273 742 esset
1296 704 1499 754 Metapon—

95 767 190 808 tum,
217 761 417 800 constituit
436 760 658 811 litterasque
680 760 725 799 ad
749 760 945 811 principes
967 761 1086 807 dedit,
1115 773 1212 811 quae
1233 761 1279 799 ad
1303 759 1498 798 [Ianniba-

93 818 169 856 lem
192 818 332 856 delatae
353 822 456 856 sunt.
499 818 693 855 enimvero
716 817 835 856 laetus
858 829 1038 855 successu
1060 817 1216 863 fraudis,
1239 816 1269 854 si
1292 829 1339 854 ne
1356 816 1494 855 Fabius

95 874 246 925 quidem
280 874 368 912 dolo
401 874 565 912 invictus
598 874 752 919 fuisset,
787 874 885 912 haud
919 874 1052 924 procul
1083 874 1304 924 Metaponto
1337 873 1497 911 insidias

92 930 214 981 ponit.
264 931 383 969 Fabio
419 930 652 981 auspicanti,
692 930 918 981 priusquam
956 930 1200 981 egrederetur
1236 929 1281 968 ab
1317 929 1497 976 Tarento,

93 999 178 1025 aves
208 988 325 1025 semel
355 991 467 1038 atque
495 987 633 1025 iterum
663 999 741 1024 non
770 987 1013 1034 addixerunt3
1053 987 1178 1024 hostia
1207 998 1361 1036 quoque
1389 997 1498 1024 caesa

94 1043 310 1082 consulenti
331 1044 423 1082 deos
446 1044 637 1094 haruspex
656 1044 866 1081 cavendnm
890 1056 914 1081 a
934 1043 1067 1081 fraude
1085 1042 1212 1080 hostili
1231 1046 1266 1080 et
1284 1041 1329 1079 ab
1347 1041 1497 1079 insidiis

92 1100 290 1150 praedixit.
332 1100 599 1150 Metapontini,
632 1104 837 1150 postquam
868 1100 912 1138 ad
946 1099 1199 1137 constitutum
1231 1110 1312 1136 non
1342 1103 1498 1136 venerat

94 1156 206 1200 diem,
225 1156 394 1200 remissi,
414 1161 456 1194 ut
473 1161 715 1194 cunctantem
735 1156 992 1199 hortarentur,
1011 1168 1054 1193 ac
1070 1159 1226 1205 repente
1238 1154 1496 1204 conprehensi

92 1216 194 1250 metu
218 1212 403 1262 gravioris
427 1212 663 1262 quaestionis
687 1212 870 1262 detegunt
892 1212 1061 1250 insidias.

203 1269 368 1307 Aestatis
395 1269 475 1306 eius
504 1269 716 1319 principio,
752 1281 823 1319 qua
852 1269 943 1306 haec
971 1268 1198 1318 agebantur,
1226 1268 1267 1306 P.
1298 1267 1427 1317 Scipio
1456 1267 1495 1305 in

90 1324 273 1375 Hispania
303 1337 391 1363 cum
418 1325 584 1362 hiemem
615 1330 736 1363 totam
765 1325 1057 1363 reconciliandis
1079 1324 1335 1362 barbarorum
1358 1323 1495 1361 animis

91 1381 229 1432 partim
253 1381 365 1419 donis
388 1381 527 1431 partlm
551 1380 782 1419 remissione
805 1381 983 1419 obsidum
1003 1381 1320 1431 captivorumque
1338 1379 1496 1418 absum-

93 1438 224 1483 sisset,
255 1437 403 1476 Edesco
433 1438 477 1475 ad
501 1450 587 1475 enm
611 1437 733 1475 clarus
756 1437 855 1476 inter
877 1438 994 1476 duces
1016 1437 1212 1488 Hispanos
1235 1436 1348 1474 venit.
1389 1440 1498 1474 erant

830 1560 1007 1602 Auspicien
1039 1560 1168 1591 ko'nnen
1200 1559 1270 1590 also
1301 1560 1499 1590 wieder-holt

830 1607 974 1646 werden,
991 1606 1054 1636 wie
1073 1606 1130 1636 das
1149 1604 1342 1635 Schlachten
1363 1605 1422 1635 der
1440 1605 1494 1635 ho-

91 1563 319 1601 constztuerat,
339 1560 416 1592 Halt
433 1561 584 1599 gemacht
600 1561 689 1591 hatte
705 1571 756 1592 uin

88 1606 314 1645 auszuruhen,
345 1606 382 1637 da
410 1605 529 1646 jedorh
561 1616 601 1636 zu
630 1607 756 1637 cousti-

90 1654 184 1682 tuere
206 1651 236 1682 in
260 1651 370 1682 dieser
388 1651 580 1690 Bedentung
597 1652 756 1690 gewo'hn-

89 1696 152 1727 lich
178 1707 297 1737 agmen
322 1697 402 1726 oder
425 1697 525 1737 signa
543 1695 757 1735 hinzugefiigt

90 1741 228 1779 wird,so
244 1741 638 1772 istviell.constiteratzu
654 1741 754 1782 lesen,

91 1785 284 1817 schwerliCh
310 1796 349 1816 zu
374 1788 599 1817 constituerat
615 1796 654 1816 zu
674 1786 754 1816 den-

90 1831 152 1861 ken
172 1833 432 1873 castraponere,
451 1831 490 1861 da
510 1830 545 1861 H.
565 1831 685 1861 vorher
703 1831 754 1861 die

90 1875 185 1907 stadt
218 1886 258 1906 zu
292 1875 481 1914 erreichen,
512 1876 599 1906 nicht
632 1876 661 1905 in
696 1876 756 1906 der

90 1921 181 1952 Niihe
206 1920 377 1951 derselben
403 1921 469 1951 sich
495 1931 535 1950 zu
560 1920 673 1960 lagern
698 1920 755 1951 be-

89 1965 265 2005 absichtigt
294 1965 395 1996 haben
421 1965 518 1996 kann.
538 1983 579 1987 —
598 1968 753 2008 acceptu-

88 2021 164 2048 ros,
185 2011 260 2041 weil
281 2011 331 2041 die
350 2009 561 2050 Verzeihung
578 2010 628 2041 als
647 2011 755 2041 sicher

87 2060 246 2087 erwartet
269 2056 361 2086 wird.
381 2073 426 2078 —
441 2056 486 2086 iis
504 2056 563 2086 den
585 2055 756 2096 Metapon-

89 2101 206 2132 tinern.
240 2119 283 2123 -
310 2102 445 2144 priora,
474 2100 537 2131 wite
568 2109 594 2131 c.
630 2101 686 2139 15,
717 2100 752 2131 2:

89 2155 196 2177 error.

137 2189 289 2220 13—16.
326 2192 509 2229 enimvero,
542 2190 599 2221 mit
632 2191 753 2222 vollem

89 2234 228 2276 Rechte,
255 2234 432 2273 natiirlich,
457 2244 484 2266 s.
504 2246 530 2266 c.
550 2234 608 2273 30,
632 2235 681 2266 14.
710 2254 754 2258 —

87 2280 267 2321 sistas-set
288 2278 345 2309 auf
365 2279 472 2310 laetas
490 2280 651 2321 bezogen,
676 2291 752 2312 ver-

88 2326 163 2356 tritt
193 2325 250 2355 dns
275 2322 334 2355 fut.
354 2329 477 2367 exat-tq
502 2325 627 2356 laetum
645 2328 710 2357 erit
725 2328 756 2357 si

88 2370 449 2410 uone'mz‘ctussaerit,
471 2380 495 2400 s
517 2369 569 2409 21,
587 2370 640 2407 33,
660 2371 690 2401 9.
710 2389 753 2394 —

88 2416 292 2457 αιι.“’ςριο(ιηίι,
321 2415 372 2445 die
397 2394 581 2445 natiirlich⁷e
609 2414 752 2447 Ursache

87 2459 312 2500 giethonar.
331 2469 386 2490 an:
406 2470 461 2490 και
484 2456 523 2495 ὃς
540 2456 752 2500 ὑπετόπησε

87 2503 127 2536 τὸ
154 2502 426 2547 ποατῑόαειο)
452 2515 509 2535 και
530 2502 753 2546 ποιοαβαλών

88 2548 130 2580 Τὰ
155 2560 357 2592 γθίίίΙίίίίΤίί
377 2561 454 2585 ΊαΙς
470 2547 724 2590 ἒ7ῙΙσΤΟλαΙς,
711 2546 753 2586 [ὶς

86 2605 163 2630 τοις
184 2597 307 2636 Taya}
312 2596 425 2630 τίνοις
448 2594 536 2626 ποτὲ
555 2593 596 2637 ἒ)
600 2606 639 2638 ε]
641 2593 717 2640 ράᾳ
714 2606 749 2626 ει

88 2627 303 2680 (lilinnibzil),
342 2650 605 2683 κατεᾳωοασεν
635 2659 679 2663 —
711 2638 750 2672 τὸ

87 2683 346 2729 ἐπιβούλευμα
375 2704 418 2708 —-
446 2685 600 2717 semela
624 2687 676 2727 z'.,t
700 2686 750 2716 die

829 1652 929 1693 stiae,
954 1652 1053 1682 deren
1085 1653 1166 1681 eoela
1195 1648 1325 1689 befragt
1352 1650 1497 1688 werden,

829 1707 924 1727 wenn
955 1706 1025 1726 man
1057 1696 1124 1726 sich
1147 1695 1231 1725 iiber
1254 1695 1313 1725 den
1342 1695 1498 1735 Ausgang

828 1742 919 1772 eines
949 1740 1213 1772 Unternehinens
1254 1741 1497 1779 vergewissern

828 1786 913 1823 will,
939 1786 978 1816 da
997 1786 1048 1816 die
1066 1785 1242 1826 Auspicien
1262 1795 1323 1815 nur
1342 1785 1497 1815 zulassen

828 1831 908 1861 oder
925 1829 1109 1861 verbieten.
1122 1847 1165 1851 ——
1179 1839 1256 1860 aves
1273 1828 1339 1868 ml„
1355 1840 1382 1860 S.
1402 1829 1428 1869 l,
1444 1829 1497 1869 33,

829 1875 859 1906 6.
881 1893 926 1897 -
950 1877 1170 1906 constitutum
1194 1874 1285 1904 wtire
1310 1874 1374 1904 wie
1398 1885 1425 1905 c.
1444 1873 1495 1915 23,

829 1921 863 1952 5:
882 1922 1029 1957 incert03
1049 1919 1078 1960 3,
1102 1919 1154 1958 22,
1174 1919 1211 1949 4:
1230 1918 1275 1949 ad
1291 1918 1376 1950 diem
1394 1929 1498 1962 prae-

828 1967 985 1996 stitutum
1016 1969 1150 2004 ges-‘lgm
1181 1964 1387 2003 gewiihnlich
1412 1964 1497 1995 wird

827 2011 857 2041 in
889 2011 1022 2041 solchen
1053 2009 1169 2040 Fiillen
1200 2009 1257 2040 das
1282 2009 1406 2040 Femiu.
1436 2019 1497 2048 ge-

828 2056 976 2094 braucht,
996 2056 1062 2094 vgl.
1081 2055 1161 2085 auch
1180 2053 1233 2093 36,
1254 2054 1284 2092 (3,
1304 2054 1335 2086 6.
1353 2073 1396 2077 —
1411 2064 1497 2096 gra·-

826 2103 923 2138 τίθη,
943 2101 1044 2131 durch
1063 2100 1114 2130 die
1133 2099 1260 2131 Folter.

874 2162 1051 2208 17—20,
1077 2168 1106 2199 9
1140 2167 1333 2207 Ereignisse
1358 2167 1388 2197 in
1413 2167 1495 2208 Spa-

827 2214 915 2245 nien.
949 2213 1066 2254 Polyb.
1089 2213 1144 2250 10,
1170 2212 1230 2249 343
1255 2212 1348 2294 App7
1361 2210 1405 2242 lb
1433 2212 1493 2250 243

827 2259 908 2290 Zon.
929 2260 957 2299 9,
976 2258 1014 2289 S·
1007 2257 1107 2296 ,Val.
1129 2237 1216 2288 IIIax.
1232 2257 1261 2295 5,

874 2323 980 2354 1—2.
1013 2324 1155 2353 aestatis
1179 2323 1266 2362 εῑᾜιις,
1300 2321 1414 2362 Polyb.
1441 2331 1493 2351 er-

826 2369 917 2400 ziiblt
940 2369 997 2398 das
1018 2368 1110 2407 Folg.
1129 2371 1200 2397 erst
1219 2367 1298 2397 nach
1314 2366 1384 2396 dein
1404 2365 1495 2396 Tode

826 2415 882 2445 des
903 2413 1096 2451 Marcellus,
1125 2413 1164 2442 im
1183 2412 1261 2442 ,latu-
1286 2411 1368 2449 203,
1395 2421 1419 2441 s.
1444 2410 1494 2451 10,

826 2459 878 2497 32,
899 2459 963 2497 vgl.
983 2459 1063 2488 oben
1083 2468 1110 2488 c.
1130 2458 1166 2494 7,
1194 2457 1224 2487 5.
1243 2474 1286 2478 —
1304 2456 1402 2486 hiem.
1423 2458 1492 2496 tot,

827 2505 905 2535 nach
927 2504 974 2542 L„
994 2504 1045 2539 213,
1065 2503 1116 2538 51,
1136 2501 1165 2543 2,
1182 2502 1272 2532 11Ξίίῑθ
1288 2511 1324 2531 er
1338 2501 1417 2531 auch
1433 2501 1492 2531 den

825 2551 979 2589 grijssten
1015 2547 1108 2578 Theil
1152 2548 1209 2577 des
1249 2546 1494 2584 vorhergehen-

826 2596 885 2625 den
906 2594 1071 2624 Sonuners
1097 2593 1126 2623 in
1147 2592 1292 2622 Tarraco
1313 2591 1493 2629 zubringen

825 2640 968 2670 iniis-sen.
998 2656 1041 2660 —
1069 2640 1200 2673 remiss,
1233 2638 1316 2677 obs,
1348 2636 1412 2675 vgl.
1440 2635 1492 2676 26,

826 2684 884 2721 293
909 2684 948 2715 lb.
974 2683 1033 2723 51,
1062 2683 1110 2714 11.
1135 2701 1179 2705 -
1202 2681 1350 2721 Edesco,
1375 2681 1492 2723 Polyb.

1529 483 1568 516 12

1529 653 1568 686 13

1530 823 1570 855 14

1530 937 1568 968 15

1529 1106 1567 1138 16

1528 1267 1576 1306 17
