1784 2967
682 244 808 278 LIBER
826 244 951 277 XXIV.
986 244 1078 277 CAP.
1098 244 1152 276 28.

217 246 269 286 62
1472 262 1498 279 a.
1514 262 1541 279 u.
1557 255 1620 280 540.

216 348 283 387 des
310 347 530 399 principum
556 359 659 386 unus
682 347 898 386 orationem
922 347 1125 385 salutarem
1147 350 1190 384 ut
1209 345 1248 384 in
1269 347 1333 386 tali
1352 351 1529 398 tempore
1549 348 1619 386 ha-

216 404 314 443 buit:
336 417 409 443 nec
429 416 537 455 spem
561 403 693 442 salutis
714 416 786 442 nec
807 403 1012 454 perniciem
1037 403 1260 454 propiorem
1278 415 1462 454 umquam
1482 404 1620 443 civitati

217 461 277 499 ulli
305 461 438 499 fuisse.
481 460 512 499 si
539 460 641 499 enim
672 472 748 499 uno
781 460 910 499 animo
941 471 1078 497 omnes
1101 459 1156 497 vel
1183 459 1229 497 ad
1257 459 1455 498 Romanos
1487 460 1543 499 vel
1572 461 1619 499 ad

217 516 548 567 Carthaginienses
577 516 778 561 inclinent,
807 516 948 555 nullius
976 515 1136 554 civitatis
1158 520 1300 554 statum
1322 516 1619 555 fortunatiorem

215 586 258 612 ac
277 573 484 612 beatiorem
506 573 608 611 fore:
641 573 671 612 si
695 573 753 611 alii
777 573 849 611 alio
872 572 1025 611 trahant
1045 584 1117 616 reS,
1139 583 1220 610 non
1241 572 1342 610 inter
1364 572 1518 611 Poenos
1539 573 1618 611 Ro-

216 642 430 680 manosque
461 629 601 668 bellum
629 629 797 668 atrocius
825 629 908 667 fore
937 641 1051 678 quam
1080 628 1179 666 inter
1207 629 1313 679 ipsos
1344 628 1620 680 Syracusanos,

168 695 181 702 ”
215 699 302 725 cuin
324 687 425 725 intra
446 687 602 724 eosdem
627 698 762 724 muros
784 698 872 736 pars
894 690 1057 734 utraque
1079 697 1173 723 suos
1190 685 1393 731 exercitus,
1416 698 1483 723 sua
1501 697 1618 731 arma,

215 756 309 782 suos
331 743 505 781 habitura
527 743 577 781 sit
597 743 726 780 duces.
767 742 905 792 itaque,
926 746 968 779 ut
988 741 1089 779 idem
1112 753 1250 779 omnes
1267 741 1443 786 sentiant,
1467 754 1620 780 summa

215 799 248 837 vi
270 799 459 849 agendum
483 811 581 838 esse.
620 805 705 837 utra
727 799 891 836 societas
910 798 960 836 sit
974 798 1118 840 utilior,
1140 810 1221 835 eam
1238 798 1350 847 longe
1368 798 1557 836 minorem
1576 811 1619 837 ac

212 856 364 894 levioris
388 855 573 893 momenti
591 854 912 893 consultationem
931 866 1038 900 esse3
1061 854 1128 892 sed
1145 860 1273 892 tamen
1291 854 1470 893 Hieronis
1488 854 1618 905 potius

214 924 327 963 quam
350 911 571 962 Hieronymi
599 911 864 950 auctoritatem
889 910 1122 961 sequendam
1145 910 1183 948 in
1206 910 1321 949 sociis
1343 911 1533 961 legendis,
1560 911 1618 949 vel

214 967 489 1020 quinquaginta
512 967 622 1005 annis
643 967 802 1006 feliciter
823 972 1017 1017 expertam
1041 966 1244 1005 amicitiam
1268 979 1372 1005 nunc
1387 967 1617 1017 incognitae,

215 1026 411 1076 quondam
439 1024 583 1062 infideli
610 1024 913 1074 praeferendam.
954 1036 1040 1061 esse
1062 1023 1175 1061 etiam
1199 1024 1387 1062 momenti
1409 1024 1548 1074 aliquid
1572 1024 1618 1062 ad

214 1081 432 1127 consilium,
460 1081 564 1131 quod
588 1079 964 1129 Carthaginiensibus
988 1079 1035 1117 ita
1058 1092 1130 1129 pax
1152 1080 1282 1129 negari
1304 1086 1450 1130 posset,
1474 1086 1517 1118 ut
1537 1092 1618 1118 non

213 1138 344 1188 utique
370 1137 409 1176 in
437 1136 652 1187 praesentia
678 1136 819 1174 bellum
844 1148 930 1174 cum
953 1136 1007 1174 eis
1029 1141 1201 1185 geratur:
1233 1149 1319 1174 cum
1342 1136 1529 1175 Romanis
1551 1149 1617 1175 ex—

212 1195 357 1245 ’templo
386 1198 452 1232 aut
472 1205 606 1243 pacem
629 1197 693 1231 aut
714 1193 853 1230 bellum
876 1192 1108 1231 habendum.
1149 1205 1225 1242 quo
1249 1192 1378 1230 minus
1400 1193 1618 1243 cupiditatis

214 1263 258 1289 ac
278 1250 393 1289 studii
416 1250 495 1288 visa
517 1254 576 1288 est
598 1249 719 1287 oratio
742 1249 897 1295 habere,
926 1261 970 1286 eo
993 1249 1079 1299 plus
1102 1248 1340 1287 auctoritatis
1362 1249 1506 1287 hahuit.
1548 1250 1618 1287 ad-

213 1307 354 1345 iectum
376 1312 435 1345 est
454 1306 694 1356 praetoribus
717 1318 760 1344 ac
781 1305 933 1346 delectis
958 1310 1184 1343 senatorum
1206 1304 1368 1343 militare
1389 1306 1503 1344 etiam
1522 1317 1617 1344 con-

214 1426 258 1431 —-
274 1407 377 1446 alter;
404 1411 498 1438 sonst
515 1406 653 1437 braueht
670 1406 724 1445 L.‚
743 1406 806 1437 wie
825 1406 878 1437 Ci-

215 1463 311 1491 cero,
329 1452 380 1483 bei
400 1463 489 1483 imus
507 1451 713 1491 gewiihnlich
734 1463 787 1493 ear,
806 1462 832 1482 s.
849 1462 877 1482 c.

214 1497 274 1540 22,
295 1498 328 1528 1:
354 1508 444 1528 nnus
469 1507 514 1528 ecc
532 1497 751 1540 principibus.
771 1514 818 1519 —
840 1499 881 1528 ut

214 1542 479 1579 beschriinkend3
510 1546 608 1572 unter
630 1542 773 1572 anderen
793 1541 879 1573 Ver-

214 1588 396 1619 hiiltnisseu
421 1587 531 1617 wiirde
554 1597 592 1617 er
614 1587 683 1617 sich
710 1587 878 1618 entschie-

214 1633 318 1664 dener
339 1630 394 1663 fiir
410 1633 461 1662 die
480 1631 600 1662 Riimer
616 1631 745 1663 erkli‘jrt
763 1632 877 1663 haben.

259 1678 359 1709 3-5.
386 1678 534 1717 beatior„
554 1676 606 1715 34,
625 1677 656 1715 5,
676 1677 712 1708 ὃς
727 1677 880 1718 florente

213 1733 251 1754 αο
268 1724 365 1755 beata
380 1733 418 1754 re
433 1722 578 1765 publica.
594 1740 638 1744 —
662 1723 702 1761 si,
726 1722 755 1759 3,
775 1722 827 1761 67,
847 1723 878 1753 5.

212 1786 256 1790 —
273 1768 337 1799 alio
353 1782 398 1794 =
415 1767 460 1799 ad
475 1767 576 1807 alios,
602 1766 669 1807 vgl.
688 1777 716 1797 c.
735 1767 765 1806 2,
786 1766 815 1797 S.
834 1785 879 1790 —

214 1814 386 1844 exereitus
408 1831 451 1835 —
475 1822 579 1844 arma·
593 1830 638 1834 —
663 1811 780 1851 duces,
799 1812 878 1843 Am-

215 1858 392 1899 plification
415 1857 590 1889 desselben
610 1857 785 1898 Begriffes,
811 1857 876 1897 vgl.

215 1904 252 1942 2,
278 1903 336 1943 44,
366 1902 398 1934 9.
437 1920 483 1926 —
520 1905 617 1939 utra,
658 1902 876 1933 erkl'a'rendes

214 1948 426 1990 Asyndeton,
462 1948 501 1978 da
534 1948 585 1978 die
618 1946 877 1979 Uebereinstim-

214 2003 312 2033 mung
329 1993 396 2023 sich
416 1993 537 2032 gerade
556 1992 608 2022 bei
626 1992 685 2023 der
700 1991 800 2023 wahl
819 1993 879 2024 der

214 2038 512 2077 Bundesgenossen
530 2037 647 2076 zeigen
666 2037 742 2067 soll.

258 2083 357 2113 ‹;—7.
387 2081 450 2113 sed
467 2085 562 2120 tam„
586 2081 734 2121 obgleich
752 2079 812 2112 auf
825 2081 878 2112 die

212 2127 314 2160 wahl
333 2128 422 2158 nicht
439 2137 475 2158 so
489 2127 556 2157 viel
573 2126 752 2166 ankonune,
773 2136 808 2156 so
828 2126 877 2157 sei

213 2173 293 2205 doch
314 2183 342 2203 u.
361 2182 388 2203 s.
407 2182 449 2203 w.
466 2190 511 2194 —-
535 2170 602 2203 vel:
621 2172 701 2202 oder
718 2171 879 2202 vielmehr

213 2219 251 2249 da
276 2218 326 2249 die
345 2217 530 2248 Thatsache
548 2217 641 2247 mehr
657 2216 798 2257 spricbt,
826 2215 876 2247 als

213 2263 265 2294 die
290 2262 499 2304 personliche
517 2261 656 2293 Ansicht
680 2261 810 2292 Hieros.
832 2278 878 2284 —-

213 2307 391 2350 quondam,
409 2311 507 2338 unter
517 2305 611 2345 Gelo,
632 2306 768 2348 Dionys.
788 2304 826 2344 Il,
845 2306 876 2336 in

212 2354 273 2384 den
293 2357 405 2384 ersten
421 2352 541 2383 Jahren
558 2351 674 2383 Hieros
692 2361 804 2381 waren
824 2351 876 2382 die

213 2398 366 2437 Carthag.
392 2397 604 2429 Verbiindete
634 2406 698 2427 von
728 2396 875 2437 Syracus

213 2453 377 2481 gewesen.
392 2461 435 2465 -—
450 2442 495 2473 ad
507 2452 596 2474 cons.
612 2452 642 2472 n.
656 2441 876 2483 capz'endmn,·

213 2499 249 2518 es
283 2488 330 2518 sci
363 2486 417 2518 fur
448 2488 500 2519 die
531 2487 778 2525 Entscheidung
811 2496 874 2516 von

213 2532 449 2573 wichtigkeit,
473 2533 595 2563 kb'nnte
613 2532 673 2562 den
694 2530 876 2571 Ausschlag

212 2578 327 2620 geben,
347 2588 371 2608 s,
389 2577 442 2614 21,
458 2578 488 2616 4,
504 2577 540 2614 23
557 2576 611 2615 42,
627 2577 679 2618 45,
694 2576 731 2607 8:
749 2575 873 2617 legatio

211 2633 375 2665 magnum
391 2622 436 2653 ad
451 2621 672 2653 conciliando-s·
689 2623 818 2653 animos
830 2638 874 2643 —

211 2670 417 2700 momentum
426 2669 514 2709 suit.
532 2686 575 2690 —
597 2669 739 2710 possent
753 2683 797 2689 ——
810 2677 874 2708 ge-

949 1408 1065 1441 ratur,
1090 1405 1153 1436 wie
1178 1404 1226 1436 ost
1248 1406 1278 1436 in
1297 1406 1356 1436 der
1374 1409 1458 1436 orat.
1478 1404 1542 1436 obl.
1561 1406 1618 1436 hat

951 1451 1009 1481 der
1038 1450 1192 1481 Redende
1227 1451 1289 1481 den
1319 1450 1528 1492 Standpunkt
1561 1460 1620 1490 ge-

949 1496 1128 1533 wechselt3
1153 1498 1269 1538 posset
1285 1496 1424 1527 verti-itt
1440 1496 1497 1526 das
1515 1493 1617 1527 futur.

947 1543 1088 1584 poterit,
1115 1551 1140 1571 S.
1163 1551 1191 1572 c.
1210 1540 1263 1580 33,
1283 1540 1302 1571 6
1319 1539 1359 1579 f.3
1385 1540 1415 1580 3,
1431 1540 1484 1580 21»,
1503 1540 1542 1579 23
1563 1540 1618 1581 28,

951 1585 1011 1624 33,
1034 1586 1087 1616 ll:
1113 1585 1172 1625 29,
1191 1585 1250 1625 24,
1270 1584 1306 1626 6,
1335 1586 1400 1625 vgl.
1425 1585 1484 1625 34,
1507 1586 1562 1627 11,
1580 1585 1618 1618 4:

949 1633 989 1662 ut
1011 1641 1085 1662 cum
1110 1649 1155 1652 —
1177 1632 1266 1662 absit
1279 1649 1324 1653 -—
1340 1634 1456 1673 posset
1474 1641 1507 1662 u.
1525 1641 1554 1662 a.
1571 1648 1619 1654 -——·

951 1686 1017 1707 non
1032 1679 1124 1717 uteo„
1139 1676 1228 1707 nicht
1241 1676 1272 1707 in
1282 1676 1393 1717 jedem
1408 1675 1511 1716 Falle,
1526 1676 1618 1707 nicht

952 1721 1174 1760 nothwendig.

997 1765 1027 1797 8.
1054 1766 1192 1809 cupt'dit.
1222 1776 1253 1797 α.
1279 1768 1338 1806 st.,
1371 1765 1615 1797 Parteileiden-

951 1810 1066 1851 schaft,
1091 1814 1130 1842 (la
1155 1821 1191 1842 er
1208 1811 1275 1842 sich
1294 1821 1356 1842 nur
1373 1811 1450 1842 sehr
1467 1811 1544 1842 mild
1562 1810 1618 1842 fiir

951 1856 1004 1887 die
1023 1855 1143 1887 Romen·
1160 1856 1425 1897 ausgcsproehen
1451 1856 1552 1888 hatte.
1571 1873 1616 1879 —

949 1901 1067 1932 adieci..
1087 1906 1168 1942 ete,
1192 1902 1292 1932 durch
1314 1912 1352 1932 eo
1370 1919 1407 1923 —-
1429 1902 1550 1932 habult
1571 1901 1619 1932 ist

953 1946 1004 1976 die
1034 1946 1201 1977 Annaluue
1231 1946 1340 1976 seines
1363 1946 1529 1985 Antrages
1559 1945 1614 1976 be-

953 1991 1120 2027 zeichnet;
1140 1991 1215 2021 dass
1233 1990 1427 2029 „sogleicw‘
1447 1991 1505 2020 das
1520 1990 1615 2029 Folg.

951 2036 1130 2074 geschicht,
1146 2035 1226 2065 wird
1243 2035 1342 2065 durch
1352 2035 1614 2077 dasAsyndeton

951 2080 1163 2119 angedeutet.
1186 2097 1230 2102 —
1248 2090 1287 2110 ac
1304 2079 1366 2110 del.
1383 2091 1422 2118 s.,
1441 2081 1492 2110 ein
1512 2091 1613 2120 enge-

951 2135 1006 2155 rer
1026 2124 1118 2160 Rath.
1139 2124 1203 2164 xgl.
1218 2135 1244 2155 c.
1260 2124 1314 2163 24,
1329 2125 1364 2156 4:
1383 2125 1546 2156 consultis
1562 2137 1618 2157 se-

949 2171 1111 2200 nioribus.
1125 2186 1169 2191 —
1182 2169 1277 2201 milit.
1293 2180 1394 2209 cons„
1409 2171 1460 2200 ein
1475 2168 1618 2210 Rriegs·

950 2215 1034 2250 rath,
1062 2216 1091 2245 in
1118 2215 1189 2245 dem
1209 2215 1368 2246 zuniichst
1385 2215 1438 2246 die
1456 2215 1613 2247 obersten

949 2258 1117 2290 Aufiihrer
1134 2270 1173 2290 zu
1189 2259 1315 2291 denken
1331 2261 1424 2298 sind3
1444 2271 1485 2291 zu
1500 2261 1613 2291 diesen

951 2305 1084 2335 werden
1115 2305 1195 2335 auch
1228 2306 1383 2343 (ius-siet)
1409 2306 1460 2336 die
1485 2305 1617 2336 Fiihrer

948 2348 1116 2380 kleiuerer
1129 2349 1370 2390 Abtheilungen
1387 2348 1611 2390 hinzugeffigt.

948 2412 990 2417 —-
1016 2394 1117 2430 ‹hcc-es
1142 2394 1224 2431 ord„
1255 2395 1326 2426 sind
1356 2396 1397 2426 im
1428 2396 1613 2426 riimischen

951 2439 1056 2470 Heere
1081 2440 1132 2470 die
1156 2440 1389 2482 centur-innon,
1412 2441 1483 2471 hier
1505 2440 1611 2471 neben

949 2485 1008 2515 den
1022 2486 1188 2527 praefect.
1202 2485 1322 2523 aua-il„
1338 2485 1464 2517 welche
1476 2486 1536 2517 mit
1548 2486 1612 2516 den

947 2529 1104 2571 praefecti
1123 2531 1245 2561 socium
1269 2530 1459 2569 verglichen
1479 2531 1613 2561 werden

948 2575 1082 2615 konnen,
1099 2575 1169 2605 sind
1185 2586 1220 2605 es
1235 2576 1286 2606 die
1296 2575 1424 2606 Fiihrer
1436 2577 1617 2615 grosserer

947 2619 1190 2659 Abtheilungeu
1225 2620 1284 2651 der
1315 2630 1374 2651 aus
1401 2621 1612 2662 syracusani-

947 2665 1046 2696 schen
1056 2664 1202 2705 Biirgern
1217 2664 1616 2707 bestehcndenTruppen.

1649 1146 1692 1177 15
