<?xml version="1.0" encoding="UTF-8"?>
<!DOCTYPE html PUBLIC "-//W3C//DTD XHTML 1.0 Transitional//EN"
    "http://www.w3.org/TR/xhtml1/DTD/xhtml1-transitional.dtd">
<html xmlns="http://www.w3.org/1999/xhtml" xml:lang="en" lang="en">
 <head>
  <title>
</title>
<meta http-equiv="Content-Type" content="text/html;charset=utf-8" />
  <meta name='ocr-system' content='tesseract 3.04.00' />
  <meta name='ocr-capabilities' content='ocr_page ocr_carea ocr_par ocr_line ocrx_word'/>
</head>
<body>
  <div class='ocr_page' id='page_1' title='image "./aburbeconditalib0506livyuoft_0501.png"; bbox 0 0 1784 2967; ppageno 0'>
   <div class='ocr_carea' id='block_1_1' title="bbox 24 872 64 905">
    <p class='ocr_par' dir='ltr' id='par_1_1' title="bbox 24 872 64 905">
     <span class='ocr_line' id='line_1_1' title="bbox 24 872 64 905; baseline 0 0"><span class='ocrx_word' id='word_1_1' title='bbox 24 872 64 905; x_wconf 87' lang='grc'>10</span> 
     </span>
    </p>
   </div>
   <div class='ocr_carea' id='block_1_2' title="bbox 24 1152 65 1184">
    <p class='ocr_par' dir='ltr' id='par_1_2' title="bbox 24 1152 65 1184">
     <span class='ocr_line' id='line_1_2' title="bbox 24 1152 65 1184; baseline 0 0"><span class='ocrx_word' id='word_1_2' title='bbox 24 1152 65 1184; x_wconf 87' lang='lat'>15</span> 
     </span>
    </p>
   </div>
   <div class='ocr_carea' id='block_1_3' title="bbox 0 1432 63 1465">
    <p class='ocr_par' dir='ltr' id='par_1_3' title="bbox 0 1432 63 1465">
     <span class='ocr_line' id='line_1_3' title="bbox 0 1432 63 1465; baseline -0.016 0"><span class='ocrx_word' id='word_1_3' title='bbox 0 1432 63 1465; x_wconf 65' lang='lat'>&#39;20</span> 
     </span>
    </p>
   </div>
   <div class='ocr_carea' id='block_1_4' title="bbox 496 251 1496 293">
    <p class='ocr_par' dir='ltr' id='par_1_4' title="bbox 496 251 1496 293">
     <span class='ocr_line' id='line_1_4' title="bbox 496 251 1496 293; baseline 0.009 -9"><span class='ocrx_word' id='word_1_4' title='bbox 496 252 625 285; x_wconf 89' lang='lat' dir='ltr'>LIBER</span> <span class='ocrx_word' id='word_1_5' title='bbox 649 251 791 285; x_wconf 89' lang='lat' dir='ltr'><strong>XXVII.</strong></span> <span class='ocrx_word' id='word_1_6' title='bbox 841 251 932 284; x_wconf 85' lang='lat' dir='ltr'>CAP.</span> <span class='ocrx_word' id='word_1_7' title='bbox 961 252 1013 284; x_wconf 80' lang='lat'>48.</span> <span class='ocrx_word' id='word_1_8' title='bbox 1040 252 1093 285; x_wconf 73' lang='lat'>49.</span> <span class='ocrx_word' id='word_1_9' title='bbox 1419 255 1496 293; x_wconf 85' lang='lat'>117</span> 
     </span>
    </p>
   </div>
   <div class='ocr_carea' id='block_1_5' title="bbox 95 263 268 290">
    <p class='ocr_par' dir='ltr' id='par_1_5' title="bbox 95 263 268 290">
     <span class='ocr_line' id='line_1_5' title="bbox 95 263 268 290; baseline -0.006 -1"><span class='ocrx_word' id='word_1_10' title='bbox 95 271 121 290; x_wconf 79' lang='lat' dir='ltr'>a.</span> <span class='ocrx_word' id='word_1_11' title='bbox 138 263 191 290; x_wconf 84' lang='lat' dir='ltr'>Ch.</span> <span class='ocrx_word' id='word_1_12' title='bbox 208 264 268 290; x_wconf 79' lang='lat'><strong>207.</strong></span> 
     </span>
    </p>
   </div>
   <div class='ocr_carea' id='block_1_6' title="bbox 91 354 1504 1475">
    <p class='ocr_par' dir='ltr' id='par_1_6' title="bbox 91 354 1504 1475">
     <span class='ocr_line' id='line_1_6' title="bbox 96 354 1499 406; baseline -0.001 -11"><span class='ocrx_word' id='word_1_13' title='bbox 96 357 233 395; x_wconf 90' lang='lat' dir='ltr'>eodem</span> <span class='ocrx_word' id='word_1_14' title='bbox 255 355 356 394; x_wconf 87' lang='lat' dir='ltr'>versi</span> <span class='ocrx_word' id='word_1_15' title='bbox 377 355 583 406; x_wconf 80' lang='lat' dir='ltr'>elephanti,</span> <span class='ocrx_word' id='word_1_16' title='bbox 608 354 671 406; x_wconf 90' lang='lat' dir='ltr'>qui</span> <span class='ocrx_word' id='word_1_17' title='bbox 694 355 821 405; x_wconf 91' lang='lat' dir='ltr'>primo</span> <span class='ocrx_word' id='word_1_18' title='bbox 846 355 992 406; x_wconf 85' lang='lat' dir='ltr'>impetu</span> <span class='ocrx_word' id='word_1_19' title='bbox 1014 356 1260 394; x_wconf 88' lang='lat' dir='ltr'>turbaverant</span> <span class='ocrx_word' id='word_1_20' title='bbox 1280 355 1499 406; x_wconf 86' lang='lat' dir='ltr'>antesigna-</span> 
     </span>
     <span class='ocr_line' id='line_1_7' title="bbox 95 410 1500 462; baseline -0.001 -11"><span class='ocrx_word' id='word_1_21' title='bbox 95 425 191 459; x_wconf 87' lang='lat' dir='ltr'>nos,</span> <span class='ocrx_word' id='word_1_22' title='bbox 219 416 256 450; x_wconf 89' lang='lat' dir='ltr'>et</span> <span class='ocrx_word' id='word_1_23' title='bbox 275 411 351 450; x_wconf 87' lang='lat' dir='ltr'>iam</span> <span class='ocrx_word' id='word_1_24' title='bbox 374 411 483 462; x_wconf 87' lang='lat' dir='ltr'>signa</span> <span class='ocrx_word' id='word_1_25' title='bbox 506 415 705 450; x_wconf 88' lang='lat' dir='ltr'>moverant</span> <span class='ocrx_word' id='word_1_26' title='bbox 725 410 834 459; x_wconf 81' lang='lat' dir='ltr'>loco;</span> <span class='ocrx_word' id='word_1_27' title='bbox 862 411 998 450; x_wconf 88' lang='lat' dir='ltr'>deinde</span> <span class='ocrx_word' id='word_1_28' title='bbox 1020 416 1212 451; x_wconf 82' lang='lat' dir='ltr'>crescente</span> <span class='ocrx_word' id='word_1_29' title='bbox 1235 411 1442 451; x_wconf 82' lang='lat' dir='ltr'>certamine</span> <span class='ocrx_word' id='word_1_30' title='bbox 1463 416 1500 450; x_wconf 91' lang='lat' dir='ltr'>et</span> 
     </span>
     <span class='ocr_line' id='line_1_8' title="bbox 96 467 1501 519; baseline -0.001 -12"><span class='ocrx_word' id='word_1_31' title='bbox 96 469 263 507; x_wconf 85' lang='lat' dir='ltr'>clamore</span> <span class='ocrx_word' id='word_1_32' title='bbox 290 468 531 519; x_wconf 81' lang='lat' dir='ltr'>inpotentius</span> <span class='ocrx_word' id='word_1_33' title='bbox 559 467 633 506; x_wconf 89' lang='lat' dir='ltr'>iam</span> <span class='ocrx_word' id='word_1_34' title='bbox 664 467 742 516; x_wconf 86' lang='lat' dir='ltr'>regi</span> <span class='ocrx_word' id='word_1_35' title='bbox 770 473 807 505; x_wconf 84' lang='lat' dir='ltr'>et</span> <span class='ocrx_word' id='word_1_36' title='bbox 836 467 937 506; x_wconf 86' lang='lat' dir='ltr'>iuter</span> <span class='ocrx_word' id='word_1_37' title='bbox 965 468 1060 506; x_wconf 88' lang='lat' dir='ltr'>duas</span> <span class='ocrx_word' id='word_1_38' title='bbox 1082 469 1182 507; x_wconf 88' lang='lat' dir='ltr'>acies</span> <span class='ocrx_word' id='word_1_39' title='bbox 1204 468 1365 513; x_wconf 81' lang='lat' dir='ltr'>versari,</span> <span class='ocrx_word' id='word_1_40' title='bbox 1398 468 1501 507; x_wconf 90' lang='lat' dir='ltr'>velut</span> 
     </span>
     <span class='ocr_line' id='line_1_9' title="bbox 95 523 1499 575; baseline 0 -12"><span class='ocrx_word' id='word_1_41' title='bbox 95 525 249 572; x_wconf 87' lang='lat' dir='ltr'>incerti,</span> <span class='ocrx_word' id='word_1_42' title='bbox 281 537 446 575; x_wconf 90' lang='lat' dir='ltr'>quorum</span> <span class='ocrx_word' id='word_1_43' title='bbox 469 529 617 569; x_wconf 81' lang='lat' dir='ltr'>essent,</span> <span class='ocrx_word' id='word_1_44' title='bbox 639 524 741 562; x_wconf 87' lang='lat' dir='ltr'>haud</span> <span class='ocrx_word' id='word_1_45' title='bbox 764 523 1001 562; x_wconf 81' lang='lat' dir='ltr'>dissimiliter</span> <span class='ocrx_word' id='word_1_46' title='bbox 1022 524 1182 563; x_wconf 86' lang='lat' dir='ltr'>navibus</span> <span class='ocrx_word' id='word_1_47' title='bbox 1205 525 1288 563; x_wconf 90' lang='lat' dir='ltr'>sine</span> <span class='ocrx_word' id='word_1_48' title='bbox 1309 525 1499 575; x_wconf 87' lang='lat' dir='ltr'>guberna-</span> 
     </span>
     <span class='ocr_line' id='line_1_10' title="bbox 94 580 1501 632; baseline -0.001 -12"><span class='ocrx_word' id='word_1_49' title='bbox 94 581 179 620; x_wconf 91' lang='lat' dir='ltr'>culo</span> <span class='ocrx_word' id='word_1_50' title='bbox 197 581 313 632; x_wconf 87' lang='lat' dir='ltr'>vagis.</span> <span class='ocrx_word' id='word_1_51' title='bbox 351 580 528 620; x_wconf 85' lang='lat' dir='ltr'>Claudius</span> <span class='ocrx_word' id='word_1_52' title='bbox 553 580 672 630; x_wconf 82' lang='lat' dir='ltr'>„quid</span> <span class='ocrx_word' id='word_1_53' title='bbox 700 592 791 630; x_wconf 87' lang='lat' dir='ltr'>ergo</span> <span class='ocrx_word' id='word_1_54' title='bbox 816 580 1014 631; x_wconf 77' lang='lat' dir='ltr'>praecipiti</span> <span class='ocrx_word' id='word_1_55' title='bbox 1033 593 1148 619; x_wconf 91' lang='lat' dir='ltr'>cursu</span> <span class='ocrx_word' id='word_1_56' title='bbox 1166 586 1242 618; x_wconf 87' lang='lat' dir='ltr'>tam</span> <span class='ocrx_word' id='word_1_57' title='bbox 1257 581 1416 630; x_wconf 88' lang='lat' dir='ltr'>longum</span> <span class='ocrx_word' id='word_1_58' title='bbox 1431 581 1501 619; x_wconf 91' lang='lat' dir='ltr'>iter</span> 
     </span>
     <span class='ocr_line' id='line_1_11' title="bbox 94 635 1498 682; baseline -0.001 -6"><span class='ocrx_word' id='word_1_59' title='bbox 94 638 242 676; x_wconf 85' lang='lat' dir='ltr'>emensi</span> <span class='ocrx_word' id='word_1_60' title='bbox 269 635 463 675; x_wconf 73' lang='lat' dir='ltr'>sumus“⁶?</span> <span class='ocrx_word' id='word_1_61' title='bbox 496 636 694 674; x_wconf 87' lang='lat' dir='ltr'>clamitans</span> <span class='ocrx_word' id='word_1_62' title='bbox 722 636 928 682; x_wconf 83' lang='lat' dir='ltr'>militibus,</span> <span class='ocrx_word' id='word_1_63' title='bbox 961 649 1046 675; x_wconf 91' lang='lat' dir='ltr'>cum</span> <span class='ocrx_word' id='word_1_64' title='bbox 1076 637 1114 674; x_wconf 93' lang='lat' dir='ltr'>in</span> <span class='ocrx_word' id='word_1_65' title='bbox 1137 637 1339 675; x_wconf 85' lang='lat' dir='ltr'>adversum</span> <span class='ocrx_word' id='word_1_66' title='bbox 1363 637 1498 675; x_wconf 90' lang='lat' dir='ltr'>collem</span> 
     </span>
     <span class='ocr_line' id='line_1_12' title="bbox 93 692 1500 744; baseline -0.001 -12"><span class='ocrx_word' id='word_1_67' title='bbox 93 693 236 732; x_wconf 82' lang='lat' dir='ltr'>frustra</span> <span class='ocrx_word' id='word_1_68' title='bbox 266 693 374 743; x_wconf 88' lang='lat' dir='ltr'>signa</span> <span class='ocrx_word' id='word_1_69' title='bbox 402 692 546 742; x_wconf 87' lang='lat' dir='ltr'>erigere</span> <span class='ocrx_word' id='word_1_70' title='bbox 576 698 739 732; x_wconf 88' lang='lat' dir='ltr'>conatus</span> <span class='ocrx_word' id='word_1_71' title='bbox 761 698 882 740; x_wconf 88' lang='lat' dir='ltr'>esset,</span> <span class='ocrx_word' id='word_1_72' title='bbox 912 698 1120 744; x_wconf 79' lang='lat' dir='ltr'>postquam</span> <span class='ocrx_word' id='word_1_73' title='bbox 1143 706 1184 732; x_wconf 90' lang='lat' dir='ltr'>ea</span> <span class='ocrx_word' id='word_1_74' title='bbox 1205 694 1362 743; x_wconf 79' lang='lat' dir='ltr'>regione</span> <span class='ocrx_word' id='word_1_75' title='bbox 1384 705 1500 743; x_wconf 88' lang='lat' dir='ltr'>pene-</span> 
     </span>
     <span class='ocr_line' id='line_1_13' title="bbox 93 749 1502 800; baseline -0.001 -12"><span class='ocrx_word' id='word_1_76' title='bbox 93 750 185 788; x_wconf 88' lang='lat' dir='ltr'>trari</span> <span class='ocrx_word' id='word_1_77' title='bbox 213 750 258 789; x_wconf 89' lang='lat' dir='ltr'>ad</span> <span class='ocrx_word' id='word_1_78' title='bbox 277 750 428 788; x_wconf 88' lang='lat' dir='ltr'>hostem</span> <span class='ocrx_word' id='word_1_79' title='bbox 451 760 531 787; x_wconf 90' lang='lat' dir='ltr'>non</span> <span class='ocrx_word' id='word_1_80' title='bbox 553 749 703 788; x_wconf 88' lang='lat' dir='ltr'>videbat</span> <span class='ocrx_word' id='word_1_81' title='bbox 723 762 858 800; x_wconf 88' lang='lat' dir='ltr'>posse,</span> <span class='ocrx_word' id='word_1_82' title='bbox 888 750 1060 788; x_wconf 83' lang='lat' dir='ltr'>cohortis</span> <span class='ocrx_word' id='word_1_83' title='bbox 1083 749 1229 800; x_wconf 80' lang='lat' dir='ltr'>aliquot</span> <span class='ocrx_word' id='word_1_84' title='bbox 1249 749 1459 788; x_wconf 87' lang='lat' dir='ltr'>subductas</span> <span class='ocrx_word' id='word_1_85' title='bbox 1483 761 1502 787; x_wconf 90' lang='lat' dir='ltr'>e</span> 
     </span>
     <span class='ocr_line' id='line_1_14' title="bbox 94 805 1500 856; baseline -0.001 -12"><span class='ocrx_word' id='word_1_86' title='bbox 94 805 226 845; x_wconf 85' lang='lat' dir='ltr'>dextro</span> <span class='ocrx_word' id='word_1_87' title='bbox 258 818 396 852; x_wconf 81' lang='lat' dir='ltr'>cornu,</span> <span class='ocrx_word' id='word_1_88' title='bbox 425 805 492 844; x_wconf 91' lang='lat' dir='ltr'>ubi</span> <span class='ocrx_word' id='word_1_89' title='bbox 515 806 721 844; x_wconf 87' lang='lat' dir='ltr'>stationem</span> <span class='ocrx_word' id='word_1_90' title='bbox 744 806 865 856; x_wconf 85' lang='lat' dir='ltr'>magis</span> <span class='ocrx_word' id='word_1_91' title='bbox 883 818 1043 856; x_wconf 85' lang='lat' dir='ltr'>segnem</span> <span class='ocrx_word' id='word_1_92' title='bbox 1065 818 1179 856; x_wconf 89' lang='lat' dir='ltr'>quam</span> <span class='ocrx_word' id='word_1_93' title='bbox 1203 817 1370 855; x_wconf 87' lang='lat' dir='ltr'>pugnam</span> <span class='ocrx_word' id='word_1_94' title='bbox 1393 805 1500 844; x_wconf 89' lang='lat' dir='ltr'>futu-</span> 
     </span>
     <span class='ocr_line' id='line_1_15' title="bbox 92 860 1502 912; baseline -0.001 -12"><span class='ocrx_word' id='word_1_95' title='bbox 92 874 177 901; x_wconf 87' lang='lat' dir='ltr'>ram</span> <span class='ocrx_word' id='word_1_96' title='bbox 199 862 389 908; x_wconf 81' lang='lat' dir='ltr'>cernebat,</span> <span class='ocrx_word' id='word_1_97' title='bbox 412 866 503 912; x_wconf 89' lang='lat' dir='ltr'>post</span> <span class='ocrx_word' id='word_1_98' title='bbox 524 862 644 900; x_wconf 87' lang='lat' dir='ltr'>aciem</span> <span class='ocrx_word' id='word_1_99' title='bbox 670 862 921 901; x_wconf 84' lang='lat' dir='ltr'>circumducit</span> <span class='ocrx_word' id='word_1_100' title='bbox 942 867 978 900; x_wconf 91' lang='lat' dir='ltr'>et</span> <span class='ocrx_word' id='word_1_101' title='bbox 999 874 1078 900; x_wconf 89' lang='lat' dir='ltr'>non</span> <span class='ocrx_word' id='word_1_102' title='bbox 1101 862 1281 900; x_wconf 85' lang='lat' dir='ltr'>hostibus</span> <span class='ocrx_word' id='word_1_103' title='bbox 1298 862 1416 900; x_wconf 88' lang='lat' dir='ltr'>modo</span> <span class='ocrx_word' id='word_1_104' title='bbox 1436 860 1502 900; x_wconf 91' lang='lat' dir='ltr'>sed</span> 
     </span>
     <span class='ocr_line' id='line_1_16' title="bbox 94 918 1501 968; baseline -0.001 -11"><span class='ocrx_word' id='word_1_105' title='bbox 94 919 207 957; x_wconf 89' lang='lat' dir='ltr'>etiam</span> <span class='ocrx_word' id='word_1_106' title='bbox 230 918 311 957; x_wconf 88' lang='lat' dir='ltr'>suis</span> <span class='ocrx_word' id='word_1_107' title='bbox 335 918 626 968; x_wconf 83' lang='lat' dir='ltr'>inopinantibus</span> <span class='ocrx_word' id='word_1_108' title='bbox 649 918 687 956; x_wconf 90' lang='lat' dir='ltr'>in</span> <span class='ocrx_word' id='word_1_109' title='bbox 709 919 886 957; x_wconf 85' lang='lat' dir='ltr'>dextrum</span> <span class='ocrx_word' id='word_1_110' title='bbox 909 919 1081 957; x_wconf 87' lang='lat' dir='ltr'>hostium</span> <span class='ocrx_word' id='word_1_111' title='bbox 1099 918 1197 957; x_wconf 86' lang='lat' dir='ltr'>latus</span> <span class='ocrx_word' id='word_1_112' title='bbox 1216 918 1395 965; x_wconf 67' lang='lat' dir='ltr'>incurrit,</span> <span class='ocrx_word' id='word_1_113' title='bbox 1415 923 1501 956; x_wconf 85' lang='lat' dir='ltr'>tan—</span> 
     </span>
     <span class='ocr_line' id='line_1_17' title="bbox 92 973 1503 1026; baseline -0.002 -12"><span class='ocrx_word' id='word_1_114' title='bbox 92 979 206 1026; x_wconf 86' lang='lat' dir='ltr'>taque</span> <span class='ocrx_word' id='word_1_115' title='bbox 233 974 406 1013; x_wconf 88' lang='lat' dir='ltr'>celeritas</span> <span class='ocrx_word' id='word_1_116' title='bbox 435 974 523 1020; x_wconf 85' lang='lat' dir='ltr'>fuit,</span> <span class='ocrx_word' id='word_1_117' title='bbox 560 979 603 1012; x_wconf 94' lang='lat' dir='ltr'>ut</span> <span class='ocrx_word' id='word_1_118' title='bbox 632 987 719 1013; x_wconf 90' lang='lat' dir='ltr'>cum</span> <span class='ocrx_word' id='word_1_119' title='bbox 749 975 1012 1013; x_wconf 86' lang='lat' dir='ltr'>ostendissent</span> <span class='ocrx_word' id='word_1_120' title='bbox 1041 987 1081 1012; x_wconf 88' lang='lat' dir='ltr'>sc</span> <span class='ocrx_word' id='word_1_121' title='bbox 1104 975 1149 1013; x_wconf 88' lang='lat' dir='ltr'>ab</span> <span class='ocrx_word' id='word_1_122' title='bbox 1177 975 1310 1020; x_wconf 87' lang='lat' dir='ltr'>latere,</span> <span class='ocrx_word' id='word_1_123' title='bbox 1348 986 1439 1011; x_wconf 81' lang='lat' dir='ltr'>mox</span> <span class='ocrx_word' id='word_1_124' title='bbox 1463 973 1503 1011; x_wconf 92' lang='lat' dir='ltr'>in</span> 
     </span>
     <span class='ocr_line' id='line_1_18' title="bbox 92 1030 1500 1082; baseline -0.001 -13"><span class='ocrx_word' id='word_1_125' title='bbox 92 1035 198 1082; x_wconf 87' lang='lat' dir='ltr'>terga</span> <span class='ocrx_word' id='word_1_126' title='bbox 220 1031 295 1070; x_wconf 88' lang='lat' dir='ltr'>iam</span> <span class='ocrx_word' id='word_1_127' title='bbox 318 1035 546 1081; x_wconf 79' lang='lat' dir='ltr'>pugnarent.</span> <span class='ocrx_word' id='word_1_128' title='bbox 584 1031 633 1069; x_wconf 86' lang='lat' dir='ltr'>ita</span> <span class='ocrx_word' id='word_1_129' title='bbox 655 1043 699 1069; x_wconf 85' lang='lat' dir='ltr'>ex</span> <span class='ocrx_word' id='word_1_130' title='bbox 723 1031 906 1069; x_wconf 90' lang='lat' dir='ltr'>omnibus</span> <span class='ocrx_word' id='word_1_131' title='bbox 928 1031 1121 1081; x_wconf 85' lang='lat' dir='ltr'>partibus,</span> <span class='ocrx_word' id='word_1_132' title='bbox 1144 1030 1190 1068; x_wconf 89' lang='lat' dir='ltr'>ab</span> <span class='ocrx_word' id='word_1_133' title='bbox 1213 1030 1353 1075; x_wconf 87' lang='lat' dir='ltr'>fronte,</span> <span class='ocrx_word' id='word_1_134' title='bbox 1376 1030 1422 1068; x_wconf 88' lang='lat' dir='ltr'>ab</span> <span class='ocrx_word' id='word_1_135' title='bbox 1444 1030 1500 1067; x_wconf 90' lang='lat' dir='ltr'>la-</span> 
     </span>
     <span class='ocr_line' id='line_1_19' title="bbox 91 1084 1500 1137; baseline -0.001 -12"><span class='ocrx_word' id='word_1_136' title='bbox 91 1092 189 1132; x_wconf 87' lang='lat' dir='ltr'>tere,</span> <span class='ocrx_word' id='word_1_137' title='bbox 219 1087 265 1125; x_wconf 90' lang='lat' dir='ltr'>ab</span> <span class='ocrx_word' id='word_1_138' title='bbox 286 1092 405 1137; x_wconf 76' lang='lat' dir='ltr'>tergo,</span> <span class='ocrx_word' id='word_1_139' title='bbox 427 1086 665 1125; x_wconf 86' lang='lat' dir='ltr'>trucidantur</span> <span class='ocrx_word' id='word_1_140' title='bbox 686 1087 845 1137; x_wconf 88' lang='lat' dir='ltr'>Hispani</span> <span class='ocrx_word' id='word_1_141' title='bbox 867 1087 1125 1137; x_wconf 85' lang='lat' dir='ltr'>Liguresque,</span> <span class='ocrx_word' id='word_1_142' title='bbox 1149 1092 1186 1124; x_wconf 92' lang='lat' dir='ltr'>et</span> <span class='ocrx_word' id='word_1_143' title='bbox 1207 1087 1252 1125; x_wconf 89' lang='lat' dir='ltr'>ad</span> <span class='ocrx_word' id='word_1_144' title='bbox 1277 1084 1404 1124; x_wconf 88' lang='lat' dir='ltr'>Gallos</span> <span class='ocrx_word' id='word_1_145' title='bbox 1426 1085 1500 1124; x_wconf 91' lang='lat' dir='ltr'>iam</span> 
     </span>
     <span class='ocr_line' id='line_1_20' title="bbox 96 1142 1500 1194; baseline -0.001 -12"><span class='ocrx_word' id='word_1_146' title='bbox 96 1143 228 1182; x_wconf 86' lang='lat' dir='ltr'>caedes</span> <span class='ocrx_word' id='word_1_147' title='bbox 257 1148 492 1194; x_wconf 82' lang='lat' dir='ltr'>pervenerat.</span> <span class='ocrx_word' id='word_1_148' title='bbox 542 1143 593 1191; x_wconf 83' lang='lat' dir='ltr'>ibi</span> <span class='ocrx_word' id='word_1_149' title='bbox 623 1143 827 1181; x_wconf 86' lang='lat' dir='ltr'>minimum</span> <span class='ocrx_word' id='word_1_150' title='bbox 856 1143 1074 1181; x_wconf 86' lang='lat' dir='ltr'>certaminis</span> <span class='ocrx_word' id='word_1_151' title='bbox 1101 1142 1195 1180; x_wconf 87' lang='lat' dir='ltr'>fuit:</span> <span class='ocrx_word' id='word_1_152' title='bbox 1227 1154 1317 1180; x_wconf 89' lang='lat' dir='ltr'>nam</span> <span class='ocrx_word' id='word_1_153' title='bbox 1346 1146 1382 1180; x_wconf 89' lang='lat' dir='ltr'>et</span> <span class='ocrx_word' id='word_1_154' title='bbox 1410 1153 1500 1193; x_wconf 85' lang='lat' dir='ltr'>pars</span> 
     </span>
     <span class='ocr_line' id='line_1_21' title="bbox 92 1197 1500 1250; baseline -0.002 -12"><span class='ocrx_word' id='word_1_155' title='bbox 92 1211 230 1250; x_wconf 84' lang='lat' dir='ltr'>magna</span> <span class='ocrx_word' id='word_1_156' title='bbox 260 1199 305 1238; x_wconf 88' lang='lat' dir='ltr'>ab</span> <span class='ocrx_word' id='word_1_157' title='bbox 335 1199 454 1250; x_wconf 84' lang='lat' dir='ltr'>signis</span> <span class='ocrx_word' id='word_1_158' title='bbox 483 1199 660 1245; x_wconf 85' lang='lat' dir='ltr'>aberant,</span> <span class='ocrx_word' id='word_1_159' title='bbox 690 1204 803 1238; x_wconf 88' lang='lat' dir='ltr'>nocte</span> <span class='ocrx_word' id='word_1_160' title='bbox 825 1199 960 1249; x_wconf 84' lang='lat' dir='ltr'>dilapsi</span> <span class='ocrx_word' id='word_1_161' title='bbox 984 1199 1168 1249; x_wconf 84' lang='lat' dir='ltr'>stratique</span> <span class='ocrx_word' id='word_1_162' title='bbox 1190 1210 1331 1236; x_wconf 86' lang='lat' dir='ltr'>somno</span> <span class='ocrx_word' id='word_1_163' title='bbox 1355 1197 1500 1249; x_wconf 80' lang='lat' dir='ltr'>passim</span> 
     </span>
     <span class='ocr_line' id='line_1_22' title="bbox 92 1255 1504 1306; baseline -0.001 -12"><span class='ocrx_word' id='word_1_164' title='bbox 92 1268 162 1306; x_wconf 89' lang='lat' dir='ltr'>per</span> <span class='ocrx_word' id='word_1_165' title='bbox 182 1268 309 1305; x_wconf 80' lang='lat' dir='ltr'>agros,</span> <span class='ocrx_word' id='word_1_166' title='bbox 332 1261 368 1293; x_wconf 89' lang='lat' dir='ltr'>et</span> <span class='ocrx_word' id='word_1_167' title='bbox 389 1256 451 1306; x_wconf 90' lang='lat' dir='ltr'>qui</span> <span class='ocrx_word' id='word_1_168' title='bbox 474 1255 643 1299; x_wconf 87' lang='lat' dir='ltr'>aderant,</span> <span class='ocrx_word' id='word_1_169' title='bbox 666 1255 800 1294; x_wconf 88' lang='lat' dir='ltr'>itinere</span> <span class='ocrx_word' id='word_1_170' title='bbox 819 1268 862 1294; x_wconf 91' lang='lat' dir='ltr'>ac</span> <span class='ocrx_word' id='word_1_171' title='bbox 879 1255 1014 1306; x_wconf 80' lang='lat' dir='ltr'>vigiliis</span> <span class='ocrx_word' id='word_1_172' title='bbox 1031 1256 1138 1300; x_wconf 86' lang='lat' dir='ltr'>fessi,</span> <span class='ocrx_word' id='word_1_173' title='bbox 1161 1255 1504 1293; x_wconf 83' lang='lat' dir='ltr'>intolerantissima</span> 
     </span>
     <span class='ocr_line' id='line_1_23' title="bbox 92 1311 1503 1362; baseline -0.001 -12"><span class='ocrx_word' id='word_1_174' title='bbox 92 1312 234 1350; x_wconf 85' lang='lat' dir='ltr'>laboris</span> <span class='ocrx_word' id='word_1_175' title='bbox 266 1324 444 1362; x_wconf 82' lang='lat' dir='ltr'>corpora,</span> <span class='ocrx_word' id='word_1_176' title='bbox 468 1311 528 1348; x_wconf 78' lang='lat' dir='ltr'>vix</span> <span class='ocrx_word' id='word_1_177' title='bbox 550 1323 653 1349; x_wconf 90' lang='lat' dir='ltr'>arma</span> <span class='ocrx_word' id='word_1_178' title='bbox 676 1312 820 1350; x_wconf 90' lang='lat' dir='ltr'>umeris</span> <span class='ocrx_word' id='word_1_179' title='bbox 843 1312 1061 1361; x_wconf 65' lang='lat' dir='ltr'>gestabant,</span> <span class='ocrx_word' id='word_1_180' title='bbox 1085 1317 1122 1350; x_wconf 89' lang='lat' dir='ltr'>et</span> <span class='ocrx_word' id='word_1_181' title='bbox 1142 1312 1218 1350; x_wconf 90' lang='lat' dir='ltr'>iam</span> <span class='ocrx_word' id='word_1_182' title='bbox 1237 1311 1309 1349; x_wconf 87' lang='lat' dir='ltr'>diei</span> <span class='ocrx_word' id='word_1_183' title='bbox 1331 1311 1503 1349; x_wconf 84' lang='lat' dir='ltr'>medium</span> 
     </span>
     <span class='ocr_line' id='line_1_24' title="bbox 93 1367 1501 1418; baseline -0.001 -12"><span class='ocrx_word' id='word_1_184' title='bbox 93 1373 189 1414; x_wconf 87' lang='lat' dir='ltr'>erat,</span> <span class='ocrx_word' id='word_1_185' title='bbox 219 1367 379 1418; x_wconf 87' lang='lat' dir='ltr'>sitisque</span> <span class='ocrx_word' id='word_1_186' title='bbox 409 1372 445 1405; x_wconf 89' lang='lat' dir='ltr'>et</span> <span class='ocrx_word' id='word_1_187' title='bbox 473 1367 577 1406; x_wconf 86' lang='lat' dir='ltr'>calor</span> <span class='ocrx_word' id='word_1_188' title='bbox 607 1367 747 1405; x_wconf 83' lang='lat' dir='ltr'>hiantis</span> <span class='ocrx_word' id='word_1_189' title='bbox 778 1368 995 1407; x_wconf 88' lang='lat' dir='ltr'>caedendos</span> <span class='ocrx_word' id='word_1_190' title='bbox 1026 1368 1313 1418; x_wconf 79' lang='lat' dir='ltr'>capiendosque</span> <span class='ocrx_word' id='word_1_191' title='bbox 1345 1367 1501 1405; x_wconf 85' lang='lat' dir='ltr'>adfatim</span> 
     </span>
     <span class='ocr_line' id='line_1_25' title="bbox 91 1422 1503 1475; baseline -0.001 -13"><span class='ocrx_word' id='word_1_192' title='bbox 91 1424 307 1475; x_wconf 81' lang='lat' dir='ltr'>praebebat.</span> <span class='ocrx_word' id='word_1_193' title='bbox 351 1423 549 1474; x_wconf 85' lang='lat' dir='ltr'>Elephanti</span> <span class='ocrx_word' id='word_1_194' title='bbox 580 1423 709 1474; x_wconf 89' lang='lat' dir='ltr'>plures</span> <span class='ocrx_word' id='word_1_195' title='bbox 739 1423 784 1462; x_wconf 87' lang='lat' dir='ltr'>ab</span> <span class='ocrx_word' id='word_1_196' title='bbox 812 1424 907 1475; x_wconf 89' lang='lat' dir='ltr'>ipsis</span> <span class='ocrx_word' id='word_1_197' title='bbox 931 1424 1145 1462; x_wconf 87' lang='lat' dir='ltr'>rectoribus</span> <span class='ocrx_word' id='word_1_198' title='bbox 1176 1436 1291 1474; x_wconf 88' lang='lat' dir='ltr'>quam</span> <span class='ocrx_word' id='word_1_199' title='bbox 1323 1422 1367 1461; x_wconf 89' lang='lat' dir='ltr'>ab</span> <span class='ocrx_word' id='word_1_200' title='bbox 1390 1424 1503 1460; x_wconf 88' lang='lat' dir='ltr'>hoste</span> 
     </span>
    </p>
   </div>
   <div class='ocr_carea' id='block_1_7' title="bbox 92 1545 769 2666">
    <p class='ocr_par' dir='ltr' id='par_1_7' title="bbox 92 1545 764 2126">
     <span class='ocr_line' id='line_1_26' title="bbox 92 1545 762 1586; baseline -0.001 -8"><span class='ocrx_word' id='word_1_201' title='bbox 92 1545 151 1578; x_wconf 85' lang='lat' dir='ltr'>auf</span> <span class='ocrx_word' id='word_1_202' title='bbox 164 1547 235 1578; x_wconf 84' lang='lat' dir='ltr'>deln</span> <span class='ocrx_word' id='word_1_203' title='bbox 254 1547 389 1577; x_wconf 85' lang='lat' dir='ltr'>rechten</span> <span class='ocrx_word' id='word_1_204' title='bbox 408 1546 525 1586; x_wconf 80' lang='lat' dir='ltr'>Fliigel</span> <span class='ocrx_word' id='word_1_205' title='bbox 549 1547 616 1577; x_wconf 89' lang='lat' dir='ltr'>sich</span> <span class='ocrx_word' id='word_1_206' title='bbox 636 1546 762 1578; x_wconf 73' lang='lat' dir='ltr'>hethei-</span> 
     </span>
     <span class='ocr_line' id='line_1_27' title="bbox 92 1590 760 1632; baseline -0.003 -8"><span class='ocrx_word' id='word_1_207' title='bbox 92 1590 403 1632; x_wconf 73' lang='lat' dir='ltr'>ligen,zuzweif‹›.ln</span> <span class='ocrx_word' id='word_1_208' title='bbox 418 1591 522 1622; x_wconf 49' lang='grc' dir='ltr'>151.ἡ</span> <span class='ocrx_word' id='word_1_209' title='bbox 533 1594 760 1632; x_wconf 56' lang='lat' dir='ltr'>antem&#39;gvmn„</span> 
     </span>
     <span class='ocr_line' id='line_1_28' title="bbox 93 1637 761 1678; baseline -0.001 -10"><span class='ocrx_word' id='word_1_210' title='bbox 93 1637 145 1668; x_wconf 89' lang='lat' dir='ltr'>die</span> <span class='ocrx_word' id='word_1_211' title='bbox 174 1637 296 1668; x_wconf 78' lang='lat' dir='ltr'>hastati</span> <span class='ocrx_word' id='word_1_212' title='bbox 325 1637 389 1667; x_wconf 90' lang='lat' dir='ltr'>und</span> <span class='ocrx_word' id='word_1_213' title='bbox 419 1637 603 1678; x_wconf 86' lang='lat' dir='ltr'>principes,</span> <span class='ocrx_word' id='word_1_214' title='bbox 636 1637 761 1667; x_wconf 84' lang='lat' dir='ltr'>welche</span> 
     </span>
     <span class='ocr_line' id='line_1_29' title="bbox 92 1681 763 1721; baseline -0.001 -8"><span class='ocrx_word' id='word_1_215' title='bbox 92 1682 256 1721; x_wconf 85' lang='lat' dir='ltr'>vereinigt</span> <span class='ocrx_word' id='word_1_216' title='bbox 269 1681 471 1721; x_wconf 75' lang='lat' dir='ltr'>angegriffen</span> <span class='ocrx_word' id='word_1_217' title='bbox 488 1693 528 1712; x_wconf 86' lang='lat' dir='ltr'>zu</span> <span class='ocrx_word' id='word_1_218' title='bbox 539 1682 641 1712; x_wconf 89' lang='lat' dir='ltr'>haben</span> <span class='ocrx_word' id='word_1_219' title='bbox 656 1682 763 1712; x_wconf 85' lang='lat' dir='ltr'>schei-</span> 
     </span>
     <span class='ocr_line' id='line_1_30' title="bbox 93 1725 764 1766; baseline -0.001 -8"><span class='ocrx_word' id='word_1_220' title='bbox 93 1738 166 1766; x_wconf 88' lang='lat' dir='ltr'>nen,</span> <span class='ocrx_word' id='word_1_221' title='bbox 185 1728 215 1758; x_wconf 90' lang='lat' dir='ltr'>in</span> <span class='ocrx_word' id='word_1_222' title='bbox 235 1728 295 1757; x_wconf 88' lang='lat' dir='ltr'>den</span> <span class='ocrx_word' id='word_1_223' title='bbox 311 1725 622 1758; x_wconf 82' lang='lat' dir='ltr'>Zwischenr‘a&#39;umen</span> <span class='ocrx_word' id='word_1_224' title='bbox 639 1727 698 1757; x_wconf 81' lang='lat' dir='ltr'>der</span> <span class='ocrx_word' id='word_1_225' title='bbox 711 1737 764 1758; x_wconf 90' lang='lat' dir='ltr'>er-</span> 
     </span>
     <span class='ocr_line' id='line_1_31' title="bbox 93 1771 761 1812; baseline -0.001 -9"><span class='ocrx_word' id='word_1_226' title='bbox 93 1777 167 1803; x_wconf 87' lang='lat' dir='ltr'>sten</span> <span class='ocrx_word' id='word_1_227' title='bbox 184 1772 236 1803; x_wconf 90' lang='lat' dir='ltr'>die</span> <span class='ocrx_word' id='word_1_228' title='bbox 254 1771 386 1810; x_wconf 87' lang='lat' dir='ltr'>velites,</span> <span class='ocrx_word' id='word_1_229' title='bbox 406 1781 431 1803; x_wconf 89' lang='grc'>5.</span> <span class='ocrx_word' id='word_1_230' title='bbox 452 1771 504 1809; x_wconf 82' lang='lat'>30,</span> <span class='ocrx_word' id='word_1_231' title='bbox 523 1771 575 1802; x_wconf 84' lang='lat'>33.</span> <span class='ocrx_word' id='word_1_232' title='bbox 590 1789 635 1794; x_wconf 88' lang='lat'>—</span> <span class='ocrx_word' id='word_1_233' title='bbox 649 1773 761 1812; x_wconf 75' lang='lat' dir='ltr'>sig-na,</span> 
     </span>
     <span class='ocr_line' id='line_1_32' title="bbox 95 1815 763 1855; baseline -0.001 -8"><span class='ocrx_word' id='word_1_234' title='bbox 95 1827 121 1848; x_wconf 89' lang='lat' dir='ltr'>s.</span> <span class='ocrx_word' id='word_1_235' title='bbox 139 1827 167 1847; x_wconf 88' lang='lat' dir='ltr'>c.</span> <span class='ocrx_word' id='word_1_236' title='bbox 190 1817 216 1855; x_wconf 92' lang='lat'>1,</span> <span class='ocrx_word' id='word_1_237' title='bbox 239 1816 289 1846; x_wconf 88' lang='lat'>10.</span> <span class='ocrx_word' id='word_1_238' title='bbox 308 1833 352 1838; x_wconf 62' lang='grc'>»-</span> <span class='ocrx_word' id='word_1_239' title='bbox 369 1819 548 1854; x_wconf 73' lang='lat' dir='ltr'>crescente,</span> <span class='ocrx_word' id='word_1_240' title='bbox 568 1826 594 1847; x_wconf 88' lang='grc'>5.</span> <span class='ocrx_word' id='word_1_241' title='bbox 614 1827 640 1846; x_wconf 88' lang='lat' dir='ltr'>c.</span> <span class='ocrx_word' id='word_1_242' title='bbox 660 1817 712 1853; x_wconf 78' lang='lat'>42,</span> <span class='ocrx_word' id='word_1_243' title='bbox 733 1815 763 1847; x_wconf 88' lang='lat'>3.</span> 
     </span>
     <span class='ocr_line' id='line_1_33' title="bbox 93 1859 764 1904; baseline -0.003 -12"><span class='ocrx_word' id='word_1_244' title='bbox 93 1879 137 1884; x_wconf 87' lang='lat'>--</span> <span class='ocrx_word' id='word_1_245' title='bbox 153 1862 378 1904; x_wconf 70' lang='lat' dir='ltr'>inpotentius,</span> <span class='ocrx_word' id='word_1_246' title='bbox 397 1861 456 1892; x_wconf 82' lang='lat' dir='ltr'>mit</span> <span class='ocrx_word' id='word_1_247' title='bbox 472 1861 620 1901; x_wconf 83' lang='lat' dir='ltr'>weniger</span> <span class='ocrx_word' id='word_1_248' title='bbox 636 1859 764 1900; x_wconf 82' lang='lat' dir='ltr'>Erfolg,</span> 
     </span>
     <span class='ocr_line' id='line_1_34' title="bbox 93 1906 764 1947; baseline -0.003 -10"><span class='ocrx_word' id='word_1_249' title='bbox 93 1906 329 1945; x_wconf 79' lang='lat' dir='ltr'>wirkungslos,</span> <span class='ocrx_word' id='word_1_250' title='bbox 347 1906 386 1937; x_wconf 85' lang='lat' dir='ltr'>da</span> <span class='ocrx_word' id='word_1_251' title='bbox 401 1907 460 1943; x_wconf 90' lang='lat' dir='ltr'>sie,</span> <span class='ocrx_word' id='word_1_252' title='bbox 479 1906 557 1936; x_wconf 89' lang='lat' dir='ltr'>wild</span> <span class='ocrx_word' id='word_1_253' title='bbox 575 1906 764 1947; x_wconf 78' lang='lat' dir='ltr'>geworden,</span> 
     </span>
     <span class='ocr_line' id='line_1_35' title="bbox 94 1949 762 1991; baseline -0.003 -9"><span class='ocrx_word' id='word_1_254' title='bbox 94 1952 154 1982; x_wconf 88' lang='lat' dir='ltr'>der</span> <span class='ocrx_word' id='word_1_255' title='bbox 171 1951 313 1991; x_wconf 81' lang='lat' dir='ltr'>Leitung</span> <span class='ocrx_word' id='word_1_256' title='bbox 331 1952 419 1982; x_wconf 83' lang='lat' dir='ltr'>nicht</span> <span class='ocrx_word' id='word_1_257' title='bbox 443 1951 534 1981; x_wconf 84' lang='lat' dir='ltr'>mehr</span> <span class='ocrx_word' id='word_1_258' title='bbox 551 1949 679 1990; x_wconf 74' lang='lat' dir='ltr'>folgent,</span> <span class='ocrx_word' id='word_1_259' title='bbox 706 1951 762 1981; x_wconf 83' lang='lat' dir='ltr'>das</span> 
     </span>
     <span class='ocr_line' id='line_1_36' title="bbox 93 1995 761 2035; baseline -0.004 -7"><span class='ocrx_word' id='word_1_260' title='bbox 93 1996 293 2028; x_wconf 75' lang='lat' dir='ltr'>Adverb.ist</span> <span class='ocrx_word' id='word_1_261' title='bbox 308 1996 336 2026; x_wconf 91' lang='lat' dir='ltr'>in</span> <span class='ocrx_word' id='word_1_262' title='bbox 354 1996 464 2026; x_wconf 84' lang='lat' dir='ltr'>dieser</span> <span class='ocrx_word' id='word_1_263' title='bbox 474 1995 761 2035; x_wconf 81' lang='lat' dir='ltr'>Bedeutungviell.</span> 
     </span>
     <span class='ocr_line' id='line_1_37' title="bbox 93 2039 761 2082; baseline -0.003 -10"><span class='ocrx_word' id='word_1_264' title='bbox 93 2041 183 2072; x_wconf 78' lang='lat' dir='ltr'>nicht</span> <span class='ocrx_word' id='word_1_265' title='bbox 204 2042 323 2072; x_wconf 85' lang='lat' dir='ltr'>weiter</span> <span class='ocrx_word' id='word_1_266' title='bbox 345 2041 542 2082; x_wconf 84' lang='lat' dir='ltr'>gebraucht,</span> <span class='ocrx_word' id='word_1_267' title='bbox 565 2041 632 2081; x_wconf 82' lang='lat' dir='ltr'>vgl.</span> <span class='ocrx_word' id='word_1_268' title='bbox 657 2051 683 2071; x_wconf 91' lang='lat' dir='ltr'>c.</span> <span class='ocrx_word' id='word_1_269' title='bbox 708 2039 761 2079; x_wconf 77' lang='lat'>28,</span> 
     </span>
     <span class='ocr_line' id='line_1_38' title="bbox 94 2085 559 2126; baseline -0.002 -9"><span class='ocrx_word' id='word_1_270' title='bbox 94 2085 133 2125; x_wconf 77' lang='lat'>33</span> <span class='ocrx_word' id='word_1_271' title='bbox 152 2086 300 2126; x_wconf 73' lang='lat' dir='ltr'>hiiufiger</span> <span class='ocrx_word' id='word_1_272' title='bbox 318 2086 375 2117; x_wconf 88' lang='lat' dir='ltr'>das</span> <span class='ocrx_word' id='word_1_273' title='bbox 393 2086 559 2126; x_wconf 84' lang='lat' dir='ltr'>Adjectiv.</span> 
     </span>
    </p>

    <p class='ocr_par' dir='ltr' id='par_1_8' title="bbox 94 2130 769 2665">
     <span class='ocr_line' id='line_1_39' title="bbox 141 2130 760 2171; baseline -0.005 -9"><span class='ocrx_word' id='word_1_274' title='bbox 141 2130 226 2162; x_wconf 82' lang='lat'>12-—</span> <span class='ocrx_word' id='word_1_275' title='bbox 244 2131 294 2162; x_wconf 84' lang='lat'>17.</span> <span class='ocrx_word' id='word_1_276' title='bbox 320 2131 498 2171; x_wconf 72' lang='lat' dir='ltr'>militibus,</span> <span class='ocrx_word' id='word_1_277' title='bbox 522 2131 581 2161; x_wconf 85' lang='lat' dir='ltr'>den</span> <span class='ocrx_word' id='word_1_278' title='bbox 602 2130 760 2161; x_wconf 83' lang='lat' dir='ltr'>Soldaten</span> 
     </span>
     <span class='ocr_line' id='line_1_40' title="bbox 94 2173 760 2217; baseline -0.003 -11"><span class='ocrx_word' id='word_1_279' title='bbox 94 2174 273 2215; x_wconf 80' lang='lat' dir='ltr'>zurufend,</span> <span class='ocrx_word' id='word_1_280' title='bbox 296 2176 359 2206; x_wconf 86' lang='lat' dir='ltr'>wie</span> <span class='ocrx_word' id='word_1_281' title='bbox 378 2176 429 2206; x_wconf 89' lang='lat' dir='ltr'>bei</span> <span class='ocrx_word' id='word_1_282' title='bbox 445 2177 571 2217; x_wconf 74' lang='lat' dir='ltr'>inquit,</span> <span class='ocrx_word' id='word_1_283' title='bbox 589 2185 615 2206; x_wconf 87' lang='lat' dir='ltr'>s.</span> <span class='ocrx_word' id='word_1_284' title='bbox 635 2174 688 2213; x_wconf 85' lang='grc'>24,</span> <span class='ocrx_word' id='word_1_285' title='bbox 707 2173 760 2213; x_wconf 85' lang='grc'>38,</span> 
     </span>
     <span class='ocr_line' id='line_1_41' title="bbox 97 2219 761 2259; baseline -0.003 -8"><span class='ocrx_word' id='word_1_286' title='bbox 97 2220 126 2251; x_wconf 91' lang='grc'>1.</span> <span class='ocrx_word' id='word_1_287' title='bbox 144 2236 188 2243; x_wconf 87' lang='lat'>-—-</span> <span class='ocrx_word' id='word_1_288' title='bbox 205 2219 382 2251; x_wconf 75' lang='lat' dir='ltr'>adversum</span> <span class='ocrx_word' id='word_1_289' title='bbox 401 2231 439 2259; x_wconf 88' lang='lat' dir='ltr'>c.,</span> <span class='ocrx_word' id='word_1_290' title='bbox 458 2221 519 2251; x_wconf 89' lang='lat' dir='ltr'>den</span> <span class='ocrx_word' id='word_1_291' title='bbox 535 2220 639 2259; x_wconf 80' lang='lat' dir='ltr'>Hiigel</span> <span class='ocrx_word' id='word_1_292' title='bbox 654 2220 761 2258; x_wconf 88' lang='lat' dir='ltr'>hinan,</span> 
     </span>
     <span class='ocr_line' id='line_1_42' title="bbox 95 2264 762 2304; baseline -0.001 -8"><span class='ocrx_word' id='word_1_293' title='bbox 95 2265 152 2296; x_wconf 85' lang='lat' dir='ltr'>das</span> <span class='ocrx_word' id='word_1_294' title='bbox 178 2264 373 2304; x_wconf 84' lang='lat' dir='ltr'>Gegentheil</span> <span class='ocrx_word' id='word_1_295' title='bbox 399 2275 426 2295; x_wconf 88' lang='lat' dir='ltr'>c.</span> <span class='ocrx_word' id='word_1_296' title='bbox 449 2265 508 2303; x_wconf 76' lang='lat'>42,</span> <span class='ocrx_word' id='word_1_297' title='bbox 540 2266 575 2294; x_wconf 61' lang='grc' dir='ltr'>(ἂι</span> <span class='ocrx_word' id='word_1_298' title='bbox 604 2264 762 2296; x_wconf 73' lang='lat' dir='ltr'>secundis</span> 
     </span>
     <span class='ocr_line' id='line_1_43' title="bbox 95 2309 764 2348; baseline -0.003 -7"><span class='ocrx_word' id='word_1_299' title='bbox 95 2309 242 2341; x_wconf 74' lang='lat' dir='ltr'>collibus.</span> <span class='ocrx_word' id='word_1_300' title='bbox 276 2310 334 2340; x_wconf 88' lang='lat' dir='ltr'>Die</span> <span class='ocrx_word' id='word_1_301' title='bbox 354 2309 464 2340; x_wconf 76' lang='lat' dir='ltr'>Hb&#39;hen</span> <span class='ocrx_word' id='word_1_302' title='bbox 484 2310 554 2339; x_wconf 88' lang='lat' dir='ltr'>sind</span> <span class='ocrx_word' id='word_1_303' title='bbox 572 2310 764 2348; x_wconf 71' lang='lat' dir='ltr'>unzugiing·</span> 
     </span>
     <span class='ocr_line' id='line_1_44' title="bbox 94 2353 763 2396; baseline -0.001 -11"><span class='ocrx_word' id='word_1_304' title='bbox 94 2354 169 2394; x_wconf 84' lang='lat' dir='ltr'>lich,</span> <span class='ocrx_word' id='word_1_305' title='bbox 188 2364 214 2385; x_wconf 89' lang='lat' dir='ltr'>S.</span> <span class='ocrx_word' id='word_1_306' title='bbox 235 2354 348 2395; x_wconf 75' lang='lat' dir='ltr'>Polyb.</span> <span class='ocrx_word' id='word_1_307' title='bbox 369 2365 409 2384; x_wconf 87' lang='lat' dir='ltr'>zu</span> <span class='ocrx_word' id='word_1_308' title='bbox 426 2353 446 2395; x_wconf 69' lang='grc' dir='ltr'>ξ</span> <span class='ocrx_word' id='word_1_309' title='bbox 466 2354 500 2393; x_wconf 78' lang='lat' dir='ltr'>S,</span> <span class='ocrx_word' id='word_1_310' title='bbox 520 2354 635 2385; x_wconf 82' lang='lat' dir='ltr'>daher:</span> <span class='ocrx_word' id='word_1_311' title='bbox 659 2364 763 2396; x_wconf 81' lang='lat' dir='ltr'>pene-</span> 
     </span>
     <span class='ocr_line' id='line_1_45' title="bbox 96 2398 763 2440; baseline -0.003 -10"><span class='ocrx_word' id='word_1_312' title='bbox 96 2401 185 2431; x_wconf 75' lang='lat' dir='ltr'>trart&#39;</span> <span class='ocrx_word' id='word_1_313' title='bbox 206 2399 251 2430; x_wconf 83' lang='lat' dir='ltr'>ad</span> <span class='ocrx_word' id='word_1_314' title='bbox 273 2400 403 2430; x_wconf 70' lang='lat' dir='ltr'>hostem</span> <span class='ocrx_word' id='word_1_315' title='bbox 420 2410 485 2430; x_wconf 75' lang='lat' dir='ltr'>non</span> <span class='ocrx_word' id='word_1_316' title='bbox 505 2398 635 2430; x_wconf 75' lang='lat' dir='ltr'>ridebat</span> <span class='ocrx_word' id='word_1_317' title='bbox 652 2408 763 2440; x_wconf 73' lang='lat' dir='ltr'>posse,</span> 
     </span>
     <span class='ocr_line' id='line_1_46' title="bbox 95 2443 766 2486; baseline -0.003 -11"><span class='ocrx_word' id='word_1_318' title='bbox 95 2454 146 2475; x_wconf 89' lang='lat' dir='ltr'>wo</span> <span class='ocrx_word' id='word_1_319' title='bbox 164 2455 230 2476; x_wconf 76' lang='lat' dir='ltr'>non</span> <span class='ocrx_word' id='word_1_320' title='bbox 254 2455 294 2475; x_wconf 91' lang='lat' dir='ltr'>zu</span> <span class='ocrx_word' id='word_1_321' title='bbox 316 2454 416 2486; x_wconf 68' lang='lat' dir='ltr'>posse</span> <span class='ocrx_word' id='word_1_322' title='bbox 439 2444 568 2482; x_wconf 65' lang='lat' dir='ltr'>gebin-‚t</span> <span class='ocrx_word' id='word_1_323' title='bbox 586 2461 630 2465; x_wconf 86' lang='lat'>-—-</span> <span class='ocrx_word' id='word_1_324' title='bbox 647 2443 766 2474; x_wconf 73' lang='lat' dir='ltr'>collor-</span> 
     </span>
     <span class='ocr_line' id='line_1_47' title="bbox 97 2487 766 2529; baseline -0.005 -9"><span class='ocrx_word' id='word_1_325' title='bbox 97 2488 401 2529; x_wconf 74' lang='grc' dir='ltr'><strong>ἰ63,.5(·.,;401υ</strong></span> <span class='ocrx_word' id='word_1_326' title='bbox 428 2488 537 2527; x_wconf 75' lang='lat'>32,4;</span> <span class='ocrx_word' id='word_1_327' title='bbox 563 2487 766 2527; x_wconf 76' lang='lat' dir='ltr'>2s,14,17;</span> 
     </span>
     <span class='ocr_line' id='line_1_48' title="bbox 95 2513 769 2576; baseline -0.003 -12"><span class='ocrx_word' id='word_1_328' title='bbox 95 2513 228 2575; x_wconf 80' lang='lat' dir='ltr'>Polyb:</span> <span class='ocrx_word' id='word_1_329' title='bbox 260 2532 426 2576; x_wconf 66' lang='grc' dir='ltr'>παραδεξ</span> <span class='ocrx_word' id='word_1_330' title='bbox 429 2530 521 2576; x_wconf 67' lang='grc' dir='ltr'><em>(ἔμε)</em></span> <span class='ocrx_word' id='word_1_331' title='bbox 525 2544 562 2568; x_wconf 84' lang='grc' dir='ltr'>ος</span> <span class='ocrx_word' id='word_1_332' title='bbox 591 2528 666 2563; x_wconf 76' lang='grc' dir='ltr'>απὸ</span> <span class='ocrx_word' id='word_1_333' title='bbox 698 2531 769 2563; x_wconf 82' lang='grc' dir='ltr'>τῶν</span> 
     </span>
     <span class='ocr_line' id='line_1_49' title="bbox 97 2572 767 2621; baseline -0.005 -11"><span class='ocrx_word' id='word_1_334' title='bbox 97 2576 228 2615; x_wconf 73' lang='grc' dir='ltr'><em>δεξιῶν</em></span> <span class='ocrx_word' id='word_1_335' title='bbox 252 2579 350 2614; x_wconf 81' lang='grc' dir='ltr'><em>τοὺς</em></span> <span class='ocrx_word' id='word_1_336' title='bbox 383 2575 517 2609; x_wconf 79' lang='grc' dir='ltr'>αὑτοῦ</span> <span class='ocrx_word' id='word_1_337' title='bbox 550 2572 767 2621; x_wconf 78' lang='grc' dir='ltr'><em>στρατιώ-</em></span> 
     </span>
     <span class='ocr_line' id='line_1_50' title="bbox 96 2623 768 2666; baseline -0.003 -12"><span class='ocrx_word' id='word_1_338' title='bbox 96 2633 189 2662; x_wconf 81' lang='grc' dir='ltr'>τας,</span> <span class='ocrx_word' id='word_1_339' title='bbox 215 2633 285 2654; x_wconf 87' lang='lat' dir='ltr'>was</span> <span class='ocrx_word' id='word_1_340' title='bbox 303 2633 374 2654; x_wconf 87' lang='lat' dir='ltr'>man</span> <span class='ocrx_word' id='word_1_341' title='bbox 395 2623 473 2654; x_wconf 86' lang='lat' dir='ltr'>nach</span> <span class='ocrx_word' id='word_1_342' title='bbox 485 2623 575 2666; x_wconf 79' lang='lat' dir='ltr'>qmsl</span> <span class='ocrx_word' id='word_1_343' title='bbox 589 2640 632 2644; x_wconf 85' lang='lat'><strong>—</strong></span> <span class='ocrx_word' id='word_1_344' title='bbox 650 2632 768 2653; x_wconf 76' lang='lat' dir='ltr'>sumas</span> 
     </span>
    </p>
   </div>
   <div class='ocr_carea' id='block_1_8' title="bbox 96 2667 768 2700">
    <p class='ocr_par' dir='ltr' id='par_1_9' title="bbox 96 2667 768 2700">
     <span class='ocr_line' id='line_1_51' title="bbox 96 2667 768 2700; baseline -0.001 -1"><span class='ocrx_word' id='word_1_345' title='bbox 96 2668 179 2699; x_wconf 86' lang='lat' dir='ltr'>auch</span> <span class='ocrx_word' id='word_1_346' title='bbox 197 2667 249 2699; x_wconf 88' lang='lat' dir='ltr'>bei</span> <span class='ocrx_word' id='word_1_347' title='bbox 266 2668 303 2700; x_wconf 90' lang='lat' dir='ltr'>L.</span> <span class='ocrx_word' id='word_1_348' title='bbox 322 2673 488 2700; x_wconf 86' lang='lat' dir='ltr'>erwarten</span> <span class='ocrx_word' id='word_1_349' title='bbox 507 2668 617 2699; x_wconf 85' lang='lat' dir='ltr'>sollte.</span> <span class='ocrx_word' id='word_1_350' title='bbox 640 2685 683 2689; x_wconf 88' lang='lat'>——</span> <span class='ocrx_word' id='word_1_351' title='bbox 697 2669 768 2698; x_wconf 73' lang='lat' dir='ltr'>sta-</span> 
     </span>
    </p>
   </div>
   <div class='ocr_carea' id='block_1_9' title="bbox 832 1544 1511 2708">
    <p class='ocr_par' dir='ltr' id='par_1_10' title="bbox 832 1544 1510 2437">
     <span class='ocr_line' id='line_1_52' title="bbox 838 1544 1507 1588; baseline -0.004 -10"><span class='ocrx_word' id='word_1_352' title='bbox 838 1547 981 1588; x_wconf 64' lang='lat' dir='ltr'>tio,dass</span> <span class='ocrx_word' id='word_1_353' title='bbox 1001 1546 1047 1577; x_wconf 87' lang='lat' dir='ltr'>sie</span> <span class='ocrx_word' id='word_1_354' title='bbox 1063 1547 1213 1586; x_wconf 72' lang='lat' dir='ltr'>unthiitig</span> <span class='ocrx_word' id='word_1_355' title='bbox 1227 1544 1386 1577; x_wconf 85' lang='lat' dir='ltr'>aufihrer</span> <span class='ocrx_word' id='word_1_356' title='bbox 1401 1544 1507 1577; x_wconf 78' lang='lat' dir='ltr'>Stelle</span> 
     </span>
     <span class='ocr_line' id='line_1_53' title="bbox 836 1589 1506 1631; baseline -0.004 -8"><span class='ocrx_word' id='word_1_357' title='bbox 836 1593 951 1623; x_wconf 88' lang='lat' dir='ltr'>stehen</span> <span class='ocrx_word' id='word_1_358' title='bbox 972 1591 1099 1622; x_wconf 88' lang='lat' dir='ltr'>bleiben</span> <span class='ocrx_word' id='word_1_359' title='bbox 1118 1592 1272 1630; x_wconf 82' lang='lat' dir='ltr'>wiirden,</span> <span class='ocrx_word' id='word_1_360' title='bbox 1298 1591 1363 1631; x_wconf 83' lang='lat' dir='ltr'>vgl.</span> <span class='ocrx_word' id='word_1_361' title='bbox 1383 1590 1436 1631; x_wconf 82' lang='lat'>28,</span> <span class='ocrx_word' id='word_1_362' title='bbox 1454 1589 1506 1629; x_wconf 86' lang='lat'>33,</span> 
     </span>
     <span class='ocr_line' id='line_1_54' title="bbox 840 1635 1506 1676; baseline -0.003 -9"><span class='ocrx_word' id='word_1_363' title='bbox 840 1636 891 1667; x_wconf 78' lang='lat'>16.</span> <span class='ocrx_word' id='word_1_364' title='bbox 909 1655 954 1659; x_wconf 88' lang='lat'>—-</span> <span class='ocrx_word' id='word_1_365' title='bbox 969 1639 1003 1667; x_wconf 76' lang='lat' dir='ltr'>in</span> <span class='ocrx_word' id='word_1_366' title='bbox 1021 1636 1146 1676; x_wconf 53' lang='lat' dir='ltr'>deoetr„</span> <span class='ocrx_word' id='word_1_367' title='bbox 1162 1637 1202 1667; x_wconf 90' lang='lat' dir='ltr'>im</span> <span class='ocrx_word' id='word_1_368' title='bbox 1218 1636 1384 1667; x_wconf 84' lang='lat' dir='ltr'>Puteanus</span> <span class='ocrx_word' id='word_1_369' title='bbox 1400 1635 1442 1666; x_wconf 87' lang='lat' dir='ltr'>ist</span> <span class='ocrx_word' id='word_1_370' title='bbox 1454 1637 1506 1666; x_wconf 73' lang='lat' dir='ltr'>in-</span> 
     </span>
     <span class='ocr_line' id='line_1_55' title="bbox 835 1681 1510 1723; baseline -0.004 -10"><span class='ocrx_word' id='word_1_371' title='bbox 835 1684 977 1713; x_wconf 74' lang='lat' dir='ltr'>sistrum</span> <span class='ocrx_word' id='word_1_372' title='bbox 1000 1682 1064 1712; x_wconf 90' lang='lat' dir='ltr'>wol</span> <span class='ocrx_word' id='word_1_373' title='bbox 1093 1681 1339 1713; x_wconf 83' lang='lat' dir='ltr'>verschriehen.</span> <span class='ocrx_word' id='word_1_374' title='bbox 1364 1698 1407 1702; x_wconf 77' lang='lat'>—-</span> <span class='ocrx_word' id='word_1_375' title='bbox 1428 1682 1510 1723; x_wconf 79' lang='lat' dir='ltr'>post</span> 
     </span>
     <span class='ocr_line' id='line_1_56' title="bbox 836 1725 1509 1766; baseline -0.004 -9"><span class='ocrx_word' id='word_1_376' title='bbox 836 1737 906 1766; x_wconf 61' lang='lat' dir='ltr'>aen,</span> <span class='ocrx_word' id='word_1_377' title='bbox 940 1728 1048 1757; x_wconf 83' lang='lat' dir='ltr'>hinter</span> <span class='ocrx_word' id='word_1_378' title='bbox 1073 1727 1145 1757; x_wconf 85' lang='lat' dir='ltr'>dem</span> <span class='ocrx_word' id='word_1_379' title='bbox 1171 1726 1279 1757; x_wconf 89' lang='lat' dir='ltr'>linken</span> <span class='ocrx_word' id='word_1_380' title='bbox 1306 1725 1425 1765; x_wconf 79' lang='lat' dir='ltr'>Fliigel</span> <span class='ocrx_word' id='word_1_381' title='bbox 1450 1725 1509 1755; x_wconf 89' lang='lat' dir='ltr'>der</span> 
     </span>
     <span class='ocr_line' id='line_1_57' title="bbox 836 1769 1507 1811; baseline -0.004 -9"><span class='ocrx_word' id='word_1_382' title='bbox 836 1771 959 1802; x_wconf 62' lang='lat' dir='ltr'>Remm-</span> <span class='ocrx_word' id='word_1_383' title='bbox 974 1772 1198 1811; x_wconf 78' lang='lat' dir='ltr'>wegziehend,</span> <span class='ocrx_word' id='word_1_384' title='bbox 1214 1769 1315 1810; x_wconf 78' lang='lat' dir='ltr'>greift</span> <span class='ocrx_word' id='word_1_385' title='bbox 1328 1780 1365 1801; x_wconf 89' lang='lat' dir='ltr'>er</span> <span class='ocrx_word' id='word_1_386' title='bbox 1382 1770 1433 1800; x_wconf 89' lang='lat' dir='ltr'>die</span> <span class='ocrx_word' id='word_1_387' title='bbox 1444 1769 1507 1799; x_wconf 78' lang='lat' dir='ltr'>Pu-</span> 
     </span>
     <span class='ocr_line' id='line_1_58' title="bbox 837 1813 1506 1855; baseline -0.004 -9"><span class='ocrx_word' id='word_1_388' title='bbox 837 1817 909 1846; x_wconf 86' lang='lat' dir='ltr'>nier</span> <span class='ocrx_word' id='word_1_389' title='bbox 935 1821 1050 1846; x_wconf 88' lang='lat' dir='ltr'>zuerst</span> <span class='ocrx_word' id='word_1_390' title='bbox 1074 1816 1105 1846; x_wconf 90' lang='lat' dir='ltr'>in</span> <span class='ocrx_word' id='word_1_391' title='bbox 1130 1817 1190 1846; x_wconf 90' lang='lat' dir='ltr'>der</span> <span class='ocrx_word' id='word_1_392' title='bbox 1206 1815 1333 1846; x_wconf 81' lang='lat' dir='ltr'>Flanke</span> <span class='ocrx_word' id='word_1_393' title='bbox 1360 1813 1506 1855; x_wconf 73' lang='lat' dir='ltr'>(Polyb.</span> <span class='ocrx_word' id='word_1_394' title='bbox 1500 1825 1506 1831; x_wconf 94' lang='lat'>·</span> 
     </span>
     <span class='ocr_line' id='line_1_59' title="bbox 838 1857 1507 1903; baseline -0.005 -12"><span class='ocrx_word' id='word_1_395' title='bbox 838 1861 1045 1903; x_wconf 74' lang='grc' dir='ltr'><em>προσέβαλε</em></span> <span class='ocrx_word' id='word_1_396' title='bbox 1069 1857 1160 1892; x_wconf 75' lang='grc' dir='ltr'><em>κατὰ</em></span> <span class='ocrx_word' id='word_1_397' title='bbox 1187 1861 1293 1901; x_wconf 68' lang='grc' dir='ltr'><em>χέσας</em></span> <span class='ocrx_word' id='word_1_398' title='bbox 1315 1861 1391 1894; x_wconf 84' lang='grc' dir='ltr'><em>τοῖς</em></span> <span class='ocrx_word' id='word_1_399' title='bbox 1408 1861 1507 1901; x_wconf 77' lang='grc' dir='ltr'><em>Καρ-</em></span> 
     </span>
     <span class='ocr_line' id='line_1_60' title="bbox 832 1889 1507 1947; baseline -0.003 -12"><span class='ocrx_word' id='word_1_400' title='bbox 832 1889 954 1947; x_wconf 66' lang='grc' dir='ltr'><em>χηδοι</em></span> <span class='ocrx_word' id='word_1_401' title='bbox 958 1907 1039 1945; x_wconf 77' lang='grc' dir='ltr'>ἴοις)</span> <span class='ocrx_word' id='word_1_402' title='bbox 1059 1906 1142 1936; x_wconf 84' lang='lat' dir='ltr'>dann</span> <span class='ocrx_word' id='word_1_403' title='bbox 1161 1905 1201 1935; x_wconf 88' lang='lat' dir='ltr'>im</span> <span class='ocrx_word' id='word_1_404' title='bbox 1220 1904 1354 1935; x_wconf 85' lang='lat' dir='ltr'>Riickcn</span> <span class='ocrx_word' id='word_1_405' title='bbox 1373 1914 1424 1942; x_wconf 86' lang='lat' dir='ltr'>an,</span> <span class='ocrx_word' id='word_1_406' title='bbox 1442 1903 1507 1934; x_wconf 84' lang='grc' dir='ltr'>Ρο-</span> 
     </span>
     <span class='ocr_line' id='line_1_61' title="bbox 837 1946 1506 2000; baseline -0.003 -20"><span class='ocrx_word' id='word_1_407' title='bbox 837 1951 920 1992; x_wconf 77' lang='lat' dir='ltr'>lyh.:</span> <span class='ocrx_word' id='word_1_408' title='bbox 956 1946 1033 1992; x_wconf 68' lang='lat' dir='ltr'>{iun</span> <span class='ocrx_word' id='word_1_409' title='bbox 1067 1949 1106 1981; x_wconf 77' lang='grc' dir='ltr'>ὸὲ</span> <span class='ocrx_word' id='word_1_410' title='bbox 1138 1950 1186 1980; x_wconf 81' lang='grc' dir='ltr'>τῶ</span> <span class='ocrx_word' id='word_1_411' title='bbox 1215 1960 1299 1984; x_wconf 82' lang='grc' dir='ltr'><strong><em>τοις</em></strong></span> <span class='ocrx_word' id='word_1_412' title='bbox 1314 1948 1412 2000; x_wconf 78' lang='grc' dir='ltr'>περὶ</span> <span class='ocrx_word' id='word_1_413' title='bbox 1441 1946 1506 1979; x_wconf 80' lang='grc' dir='ltr'>τὸν</span> 
     </span>
     <span class='ocr_line' id='line_1_62' title="bbox 837 1989 1506 2036; baseline -0.003 -10"><span class='ocrx_word' id='word_1_414' title='bbox 837 1993 1028 2027; x_wconf 75' lang='grc' dir='ltr'>Λλαὺὸιοι)</span> <span class='ocrx_word' id='word_1_415' title='bbox 1050 1997 1285 2036; x_wconf 77' lang='grc' dir='ltr'>ποοσπεσεϊι)</span> <span class='ocrx_word' id='word_1_416' title='bbox 1308 1989 1437 2028; x_wconf 69' lang='grc' dir='ltr'><em>ἰέιισος</em></span> <span class='ocrx_word' id='word_1_417' title='bbox 1460 1992 1506 2032; x_wconf 79' lang='grc' dir='ltr'>ἠν</span> 
     </span>
     <span class='ocr_line' id='line_1_63' title="bbox 836 2037 1505 2083; baseline -0.004 -12"><span class='ocrx_word' id='word_1_418' title='bbox 836 2052 856 2080; x_wconf 84' lang='grc' dir='ltr'>η</span> <span class='ocrx_word' id='word_1_419' title='bbox 885 2037 998 2083; x_wconf 76' lang='grc' dir='ltr'><strong>μάχη.</strong></span> <span class='ocrx_word' id='word_1_420' title='bbox 1028 2058 1072 2062; x_wconf 88' lang='lat'>—</span> <span class='ocrx_word' id='word_1_421' title='bbox 1100 2039 1146 2070; x_wconf 81' lang='lat' dir='ltr'>acl</span> <span class='ocrx_word' id='word_1_422' title='bbox 1174 2038 1300 2080; x_wconf 74' lang='lat' dir='ltr'>Gallos,</span> <span class='ocrx_word' id='word_1_423' title='bbox 1332 2039 1411 2069; x_wconf 81' lang='lat' dir='ltr'>nach</span> <span class='ocrx_word' id='word_1_424' title='bbox 1442 2037 1505 2069; x_wconf 90' lang='lat' dir='ltr'>Po-</span> 
     </span>
     <span class='ocr_line' id='line_1_64' title="bbox 835 2083 1506 2126; baseline -0.003 -11"><span class='ocrx_word' id='word_1_425' title='bbox 835 2085 901 2126; x_wconf 78' lang='lat' dir='ltr'>lyb.</span> <span class='ocrx_word' id='word_1_426' title='bbox 929 2085 1062 2115; x_wconf 85' lang='lat' dir='ltr'>werden</span> <span class='ocrx_word' id='word_1_427' title='bbox 1086 2085 1137 2114; x_wconf 87' lang='lat' dir='ltr'>die</span> <span class='ocrx_word' id='word_1_428' title='bbox 1163 2085 1312 2126; x_wconf 76' lang='lat' dir='ltr'>Spanier,</span> <span class='ocrx_word' id='word_1_429' title='bbox 1342 2083 1431 2113; x_wconf 81' lang='lat' dir='ltr'>nicht</span> <span class='ocrx_word' id='word_1_430' title='bbox 1455 2083 1506 2114; x_wconf 87' lang='lat' dir='ltr'>die</span> 
     </span>
     <span class='ocr_line' id='line_1_65' title="bbox 836 2128 1498 2204; baseline -0.003 -44"><span class='ocrx_word' id='word_1_431' title='bbox 836 2129 963 2161; x_wconf 86' lang='lat' dir='ltr'>Gallier</span> <span class='ocrx_word' id='word_1_432' title='bbox 990 2130 1030 2160; x_wconf 86' lang='lat' dir='ltr'>im</span> <span class='ocrx_word' id='word_1_433' title='bbox 1061 2129 1195 2160; x_wconf 81' lang='lat' dir='ltr'>Riicken</span> <span class='ocrx_word' id='word_1_434' title='bbox 1223 2128 1437 2204; x_wconf 80' lang='lat' dir='ltr'>angegriffen.</span> <span class='ocrx_word' id='word_1_435' title='bbox 1462 2146 1498 2149; x_wconf 92' lang='lat'>-—</span> 
     </span>
     <span class='ocr_line' id='line_1_66' title="bbox 834 2170 1507 2213; baseline -0.006 -7"><span class='ocrx_word' id='word_1_436' title='bbox 834 2175 1046 2213; x_wconf 43' lang='grc' dir='ltr'>ι”ηίοίεναηίἿ</span> <span class='ocrx_word' id='word_1_437' title='bbox 1071 2184 1096 2205; x_wconf 89' lang='grc'>5.</span> <span class='ocrx_word' id='word_1_438' title='bbox 1115 2173 1175 2212; x_wconf 91' lang='grc'>22,</span> <span class='ocrx_word' id='word_1_439' title='bbox 1201 2174 1238 2212; x_wconf 91' lang='grc'>2,</span> <span class='ocrx_word' id='word_1_440' title='bbox 1292 2173 1383 2210; x_wconf 85' lang='grc'>,10,</span> <span class='ocrx_word' id='word_1_441' title='bbox 1409 2170 1468 2211; x_wconf 73' lang='grc'>28,</span> <span class='ocrx_word' id='word_1_442' title='bbox 1486 2171 1507 2202; x_wconf 86' lang='grc'>4</span> 
     </span>
     <span class='ocr_line' id='line_1_67' title="bbox 834 2176 1507 2258; baseline -0.008 -7"><span class='ocrx_word' id='word_1_443' title='bbox 834 2230 865 2251; x_wconf 93' lang='lat' dir='ltr'>u.</span> <span class='ocrx_word' id='word_1_444' title='bbox 876 2199 1134 2258; x_wconf 64' lang='lat' dir='ltr'>a„e11u=al’tden</span> <span class='ocrx_word' id='word_1_445' title='bbox 1152 2176 1281 2249; x_wconf 59' lang='lat' dir='ltr'>Grundb</span> <span class='ocrx_word' id='word_1_446' title='bbox 1284 2196 1340 2248; x_wconf 84' lang='lat' dir='ltr'>des</span> <span class='ocrx_word' id='word_1_447' title='bbox 1356 2215 1507 2247; x_wconf 65' lang='lat' dir='ltr'>vomer-</span> 
     </span>
     <span class='ocr_line' id='line_1_68' title="bbox 834 2262 1510 2306; baseline -0.006 -11"><span class='ocrx_word' id='word_1_448' title='bbox 834 2265 920 2306; x_wconf 60' lang='lat' dir='ltr'>gob„</span> <span class='ocrx_word' id='word_1_449' title='bbox 934 2265 973 2294; x_wconf 78' lang='lat' dir='ltr'>da</span> <span class='ocrx_word' id='word_1_450' title='bbox 988 2264 1038 2294; x_wconf 84' lang='lat' dir='ltr'>bei</span> <span class='ocrx_word' id='word_1_451' title='bbox 1054 2263 1296 2304; x_wconf 84' lang='lat' dir='ltr'>denSpaniern,</span> <span class='ocrx_word' id='word_1_452' title='bbox 1312 2262 1510 2301; x_wconf 82' lang='lat' dir='ltr'>ungeachtet</span> 
     </span>
     <span class='ocr_line' id='line_1_69' title="bbox 836 2306 1509 2347; baseline -0.006 -7"><span class='ocrx_word' id='word_1_453' title='bbox 836 2310 883 2340; x_wconf 90' lang='lat' dir='ltr'>sie</span> <span class='ocrx_word' id='word_1_454' title='bbox 909 2309 1076 2339; x_wconf 84' lang='lat' dir='ltr'>dieselben</span> <span class='ocrx_word' id='word_1_455' title='bbox 1097 2310 1371 2347; x_wconf 73' lang='lat' dir='ltr'>Anstrengungen</span> <span class='ocrx_word' id='word_1_456' title='bbox 1396 2306 1509 2337; x_wconf 82' lang='lat' dir='ltr'>erdul-</span> 
     </span>
     <span class='ocr_line' id='line_1_70' title="bbox 839 2350 1507 2392; baseline -0.004 -8"><span class='ocrx_word' id='word_1_457' title='bbox 839 2355 894 2385; x_wconf 87' lang='lat' dir='ltr'>det</span> <span class='ocrx_word' id='word_1_458' title='bbox 909 2354 1022 2391; x_wconf 82' lang='lat' dir='ltr'>haben,</span> <span class='ocrx_word' id='word_1_459' title='bbox 1036 2353 1124 2384; x_wconf 84' lang='lat' dir='ltr'>nicht</span> <span class='ocrx_word' id='word_1_460' title='bbox 1137 2353 1189 2383; x_wconf 84' lang='lat' dir='ltr'>die</span> <span class='ocrx_word' id='word_1_461' title='bbox 1203 2353 1329 2392; x_wconf 83' lang='lat' dir='ltr'>gleiche</span> <span class='ocrx_word' id='word_1_462' title='bbox 1341 2350 1507 2390; x_wconf 53' lang='lat' dir='ltr'>WVirkung</span> 
     </span>
     <span class='ocr_line' id='line_1_71' title="bbox 839 2400 1145 2437; baseline -0.007 -7"><span class='ocrx_word' id='word_1_463' title='bbox 839 2400 1045 2437; x_wconf 80' lang='lat' dir='ltr'>eingetreten</span> <span class='ocrx_word' id='word_1_464' title='bbox 1066 2408 1145 2428; x_wconf 88' lang='lat' dir='ltr'>war.</span> 
     </span>
    </p>

    <p class='ocr_par' dir='ltr' id='par_1_11' title="bbox 841 2437 1511 2707">
     <span class='ocr_line' id='line_1_72' title="bbox 885 2437 1511 2484; baseline -0.008 -10"><span class='ocrx_word' id='word_1_465' title='bbox 885 2437 952 2475; x_wconf 68' lang='lat'>49·</span> <span class='ocrx_word' id='word_1_466' title='bbox 989 2444 1051 2473; x_wconf 87' lang='lat'>1——</span> <span class='ocrx_word' id='word_1_467' title='bbox 1070 2442 1100 2473; x_wconf 85' lang='lat'>2.</span> <span class='ocrx_word' id='word_1_468' title='bbox 1135 2442 1313 2484; x_wconf 74' lang='lat' dir='ltr'>elephanti,</span> <span class='ocrx_word' id='word_1_469' title='bbox 1343 2441 1422 2470; x_wconf 87' lang='lat' dir='ltr'>nach</span> <span class='ocrx_word' id='word_1_470' title='bbox 1447 2440 1511 2470; x_wconf 86' lang='lat' dir='ltr'>den</span> 
     </span>
     <span class='ocr_line' id='line_1_73' title="bbox 843 2485 1510 2519; baseline -0.006 0"><span class='ocrx_word' id='word_1_471' title='bbox 843 2488 984 2519; x_wconf 72' lang='lat' dir='ltr'>worten</span> <span class='ocrx_word' id='word_1_472' title='bbox 1017 2488 1138 2518; x_wconf 77' lang='lat' dir='ltr'>kiinnte</span> <span class='ocrx_word' id='word_1_473' title='bbox 1169 2497 1239 2517; x_wconf 82' lang='lat' dir='ltr'>man</span> <span class='ocrx_word' id='word_1_474' title='bbox 1270 2486 1320 2516; x_wconf 85' lang='lat' dir='ltr'>die</span> <span class='ocrx_word' id='word_1_475' title='bbox 1343 2485 1426 2516; x_wconf 87' lang='lat' dir='ltr'>Zahl</span> <span class='ocrx_word' id='word_1_476' title='bbox 1452 2485 1510 2515; x_wconf 85' lang='lat' dir='ltr'>der</span> 
     </span>
     <span class='ocr_line' id='line_1_74' title="bbox 841 2529 1508 2573; baseline -0.008 -10"><span class='ocrx_word' id='word_1_477' title='bbox 841 2533 1044 2573; x_wconf 79' lang='lat' dir='ltr'>Elephanten</span> <span class='ocrx_word' id='word_1_478' title='bbox 1070 2532 1122 2562; x_wconf 73' lang='grc'><strong>1111·</strong></span> <span class='ocrx_word' id='word_1_479' title='bbox 1140 2541 1235 2570; x_wconf 77' lang='lat' dir='ltr'>gross</span> <span class='ocrx_word' id='word_1_480' title='bbox 1255 2531 1382 2565; x_wconf 81' lang='lat' dir='ltr'>hulten,</span> <span class='ocrx_word' id='word_1_481' title='bbox 1408 2540 1433 2559; x_wconf 86' lang='lat' dir='ltr'>s.</span> <span class='ocrx_word' id='word_1_482' title='bbox 1454 2529 1508 2569; x_wconf 86' lang='lat' dir='ltr'>je—</span> 
     </span>
     <span class='ocr_line' id='line_1_75' title="bbox 842 2573 1508 2617; baseline -0.008 -9"><span class='ocrx_word' id='word_1_483' title='bbox 842 2579 921 2608; x_wconf 77' lang='lat' dir='ltr'>doch</span> <span class='ocrx_word' id='word_1_484' title='bbox 942 2588 967 2608; x_wconf 88' lang='lat' dir='ltr'>c.</span> <span class='ocrx_word' id='word_1_485' title='bbox 986 2577 1044 2611; x_wconf 69' lang='grc'>48</span> <span class='ocrx_word' id='word_1_486' title='bbox 1064 2579 1101 2612; x_wconf 77' lang='lat'>5;</span> <span class='ocrx_word' id='word_1_487' title='bbox 1128 2576 1259 2617; x_wconf 61' lang='lat' dir='ltr'>l&#39;ol3·.:h</span> <span class='ocrx_word' id='word_1_488' title='bbox 1286 2575 1356 2606; x_wconf 68' lang='lat' dir='ltr'>usn</span> <span class='ocrx_word' id='word_1_489' title='bbox 1381 2573 1418 2605; x_wconf 72' lang='grc' dir='ltr'>δὲ</span> <span class='ocrx_word' id='word_1_490' title='bbox 1439 2578 1508 2613; x_wconf 45' lang='grc' dir='ltr'><strong>’1η-</strong></span> 
     </span>
     <span class='ocr_line' id='line_1_76' title="bbox 844 2615 1509 2670; baseline -0.005 -17"><span class='ocrx_word' id='word_1_491' title='bbox 844 2625 932 2663; x_wconf 75' lang='grc' dir='ltr'><strong><em>ρίωι)</em></strong></span> <span class='ocrx_word' id='word_1_492' title='bbox 949 2620 990 2652; x_wconf 75' lang='grc' dir='ltr'>τὰ</span> <span class='ocrx_word' id='word_1_493' title='bbox 1009 2621 1077 2664; x_wconf 68' lang='grc' dir='ltr'>μὲν</span> <span class='ocrx_word' id='word_1_494' title='bbox 1096 2619 1131 2658; x_wconf 67' lang='grc' dir='ltr'>ἑξ</span> <span class='ocrx_word' id='word_1_495' title='bbox 1145 2618 1313 2663; x_wconf 70' lang='grc' dir='ltr'>(ἵαιιτοις</span> <span class='ocrx_word' id='word_1_496' title='bbox 1327 2615 1509 2670; x_wconf 72' lang='grc' dir='ltr'>ἀιδράσιν</span> 
     </span>
     <span class='ocr_line' id='line_1_77' title="bbox 843 2661 1510 2708; baseline -0.004 -9"><span class='ocrx_word' id='word_1_497' title='bbox 843 2666 985 2707; x_wconf 46' lang='lat' dir='ltr'>eume),</span> <span class='ocrx_word' id='word_1_498' title='bbox 1004 2665 1046 2698; x_wconf 78' lang='grc' dir='ltr'>τὰ</span> <span class='ocrx_word' id='word_1_499' title='bbox 1067 2665 1105 2699; x_wconf 74' lang='grc' dir='ltr'>δὲ</span> <span class='ocrx_word' id='word_1_500' title='bbox 1120 2668 1281 2708; x_wconf 72' lang='grc' dir='ltr'><em>τέσσαρα</em></span> <span class='ocrx_word' id='word_1_501' title='bbox 1299 2683 1340 2687; x_wconf 86' lang='grc'>-</span> <span class='ocrx_word' id='word_1_502' title='bbox 1360 2661 1510 2707; x_wconf 67' lang='grc' dir='ltr'><em>ὕστερον</em></span> 
     </span>
    </p>
   </div>
   <div class='ocr_carea' id='block_1_10' title="bbox 1531 420 1567 452">
    <p class='ocr_par' dir='ltr' id='par_1_12' title="bbox 1531 420 1567 452">
     <span class='ocr_line' id='line_1_78' title="bbox 1531 420 1567 452; baseline 0 0"><span class='ocrx_word' id='word_1_503' title='bbox 1531 420 1567 452; x_wconf 92' lang='grc'>11</span> 
     </span>
    </p>
   </div>
   <div class='ocr_carea' id='block_1_11' title="bbox 1532 590 1571 621">
    <p class='ocr_par' dir='ltr' id='par_1_13' title="bbox 1532 590 1571 621">
     <span class='ocr_line' id='line_1_79' title="bbox 1532 590 1571 621; baseline 0 0"><span class='ocrx_word' id='word_1_504' title='bbox 1532 590 1571 621; x_wconf 90' lang='grc'>12</span> 
     </span>
    </p>
   </div>
   <div class='ocr_carea' id='block_1_12' title="bbox 1532 703 1573 734">
    <p class='ocr_par' dir='ltr' id='par_1_14' title="bbox 1532 703 1573 734">
     <span class='ocr_line' id='line_1_80' title="bbox 1532 703 1573 734; baseline 0 0"><span class='ocrx_word' id='word_1_505' title='bbox 1532 703 1573 734; x_wconf 91' lang='grc'>13</span> 
     </span>
    </p>
   </div>
   <div class='ocr_carea' id='block_1_13' title="bbox 1534 872 1575 904">
    <p class='ocr_par' dir='ltr' id='par_1_15' title="bbox 1534 872 1575 904">
     <span class='ocr_line' id='line_1_81' title="bbox 1534 872 1575 904; baseline -0.024 0"><span class='ocrx_word' id='word_1_506' title='bbox 1534 872 1575 904; x_wconf 91' lang='grc'>14</span> 
     </span>
    </p>
   </div>
   <div class='ocr_carea' id='block_1_14' title="bbox 1533 1042 1572 1073">
    <p class='ocr_par' dir='ltr' id='par_1_16' title="bbox 1533 1042 1572 1073">
     <span class='ocr_line' id='line_1_82' title="bbox 1533 1042 1572 1073; baseline 0 0"><span class='ocrx_word' id='word_1_507' title='bbox 1533 1042 1572 1073; x_wconf 87' lang='grc'>15</span> 
     </span>
    </p>
   </div>
   <div class='ocr_carea' id='block_1_15' title="bbox 1534 1153 1573 1185">
    <p class='ocr_par' dir='ltr' id='par_1_17' title="bbox 1534 1153 1573 1185">
     <span class='ocr_line' id='line_1_83' title="bbox 1534 1153 1573 1185; baseline 0 0"><span class='ocrx_word' id='word_1_508' title='bbox 1534 1153 1573 1185; x_wconf 85' lang='grc'>16</span> 
     </span>
    </p>
   </div>
   <div class='ocr_carea' id='block_1_16' title="bbox 1534 1323 1572 1354">
    <p class='ocr_par' dir='ltr' id='par_1_18' title="bbox 1534 1323 1572 1354">
     <span class='ocr_line' id='line_1_84' title="bbox 1534 1323 1572 1354; baseline -0.026 0"><span class='ocrx_word' id='word_1_509' title='bbox 1534 1323 1572 1354; x_wconf 84' lang='grc'>17</span> 
     </span>
    </p>
   </div>
   <div class='ocr_carea' id='block_1_17' title="bbox 1530 1428 1582 1466">
    <p class='ocr_par' dir='ltr' id='par_1_19' title="bbox 1530 1428 1582 1466">
     <span class='ocr_line' id='line_1_85' title="bbox 1530 1428 1582 1466; baseline 0 0"><span class='ocrx_word' id='word_1_510' title='bbox 1530 1428 1582 1466; x_wconf 75' lang='lat'>49</span> 
     </span>
    </p>
   </div>
  </div>
 </body>
</html>
