1784 2967
39 873 80 906 10

49 954 54 957 .
107 921 301 959 Etruriam
337 920 576 958 transferret.

40 1152 80 1184 15

37 1436 80 1468 20

515 255 641 289 LIBER
665 253 807 288 XXVII.
855 254 947 287 CAP.
972 255 1027 287 21.
1052 255 1106 287 22.
1453 256 1506 294 59

108 276 135 293 a.
151 267 204 294 ch.
220 267 280 292 209.
301 266 362 291 208.

108 364 268 412 postero
305 358 365 397 die
399 358 599 397 consulem
633 369 720 396 cum
752 355 898 406 ingenti
927 369 1122 396 consensu
1150 357 1342 397 centuriae
1369 368 1506 395 omnes

109 420 300 462 crearent3
329 415 482 454 additur
503 414 657 464 conlega
679 414 721 452 T.
745 412 946 460 Quinctius
968 414 1184 465 Crispinus,
1205 415 1269 465 qui
1289 419 1371 452 tum
1395 425 1507 463 prae-

106 478 171 511 tor
191 477 282 510 erat.
324 477 481 522 postero
511 470 571 509 die
592 474 788 520 praetores
812 469 925 507 creati
946 469 988 507 P.
1010 469 1179 509 Licinius
1201 471 1364 510 Crassus
1386 469 1507 516 Dives,

107 528 281 579 pontifex
327 528 536 574 maximus,
576 526 618 564 P.
657 525 828 564 Licinius
868 525 990 564 Varus
1032 525 1172 566 Sextus
1212 527 1329 565 Iulius
1370 526 1509 565 Caesar

109 585 154 631 Q.
177 584 369 623 Claudius.

221 640 476 678 Comitiorum
495 639 670 689 ipsorum
693 638 829 676 diebus
851 637 1010 676 sollicita
1033 637 1164 676 civitas
1189 638 1234 676 de
1250 638 1425 677 Etruriae
1441 638 1508 676 de-

107 696 272 735 fectione
291 696 374 734 fuit.
414 694 648 746 principium
672 695 753 732 eius
774 694 828 732 rei
849 693 895 732 ab
916 694 1103 732 Arretinis
1124 694 1205 732 fieri
1222 695 1260 733 C.
1279 693 1509 745 Calpurnius

108 753 331 804 scripserat,
360 751 423 802 qui
451 763 534 789 eam
567 750 803 801 provinciam
835 762 906 801 pro
934 756 1111 801 praetore
1133 750 1340 789 obtinebat.
1382 750 1510 800 itaque

108 808 314 847 confestim
336 820 380 846 eo
402 807 547 846 missus
569 807 766 846 Marcellus
789 806 925 845 consul
947 806 1183 856 designatus,
1205 807 1268 857 qui
1286 819 1365 845 rem
1383 806 1510 857 inspi—

110 869 231 911 ceret,
258 877 302 903 ac
329 864 362 903 si
384 863 497 914 digna
521 864 727 909 videretur,
756 863 922 901 exercitu
944 863 1064 901 accito
1086 862 1226 901 bellum
1248 876 1293 901 ex
1314 862 1449 913 Apulia
1470 862 1509 900 in

633 932 677 957 eo
714 924 820 958 metu
855 919 1058 970 conpressi
1085 919 1239 958 Etrusci
1267 919 1508 970 quieverunt.

107 977 408 1016 Tarentinorum
438 976 571 1026 legatis
602 988 735 1026 pacem
758 975 977 1026 petentibus
1000 988 1087 1014 cum
1109 975 1279 1014 libertate
1300 988 1344 1013 ac
1363 974 1509 1024 legibus

109 1033 190 1071 suis
218 1045 454 1083 responsum
484 1032 531 1071 ab
556 1037 690 1070 senatu
718 1037 794 1077 est,
825 1038 866 1070 ut
891 1032 1059 1070 redirent
1088 1044 1175 1070 cum
1204 1031 1343 1070 Fabius
1376 1030 1510 1069 consul

108 1089 273 1128 Romam
297 1089 475 1127 venisset.
497 1112 551 1115 —
572 1089 668 1127 Ludi
691 1093 727 1126 et
746 1089 911 1127 Romani
931 1093 967 1126 et
989 1088 1111 1138 plebei
1133 1100 1178 1126 eo
1200 1099 1302 1125 anno
1319 1087 1359 1125 in
1376 1087 1508 1136 singu-

107 1144 168 1184 los
196 1146 276 1184 dies
307 1144 520 1183 instaurati.
562 1145 700 1183 aediles
730 1144 880 1183 curules
901 1144 1008 1182 fuere
1029 1143 1069 1182 L.
1092 1144 1292 1182 Cornelius
1316 1143 1509 1182 Caudinus

109 1207 146 1240 et
172 1202 253 1240 Ser.
273 1201 466 1252 Sulpicius
489 1200 618 1247 Galba,
642 1200 763 1250 plebei
785 1200 825 1239 C.
850 1200 1031 1238 Servilius
1049 1207 1083 1239 et
1102 1199 1147 1245 Q.
1170 1199 1357 1238 Caecilius
1376 1198 1508 1237 Metel—

110 1257 180 1296 lus.
222 1257 423 1296 Servilium
459 1256 651 1306 negabant
685 1257 768 1294 iure
803 1261 868 1294 aut
901 1256 1100 1295 tribunum
1138 1255 1259 1307 plebis
1295 1255 1417 1294 fuisse
1447 1260 1511 1294 aut

109 1313 269 1352 aedilem
288 1326 383 1358 esse,
406 1313 507 1362 quod
527 1318 674 1362 patrem
691 1313 783 1358 eius,
805 1325 917 1363 quem
936 1312 1180 1350 triumvirum
1197 1312 1388 1362 agrarium
1407 1311 1510 1349 occi-

109 1381 196 1408 sum
224 1382 243 1408 a
264 1369 369 1407 Boiis
400 1368 497 1407 circa
518 1368 702 1406 Mutinam
725 1381 809 1406 esse
831 1368 963 1419 opinio
986 1380 1055 1418 per
1075 1368 1206 1407 decem
1229 1381 1353 1407 annos
1374 1368 1510 1413 fuerat,

108 1426 232 1464 vivere
254 1431 367 1476 atque
389 1425 427 1463 in
448 1424 621 1463 hostium
643 1430 832 1475 potestate
854 1437 940 1463 esse
962 1425 1055 1462 satis
1078 1424 1292 1463 constabat.

221 1481 434 1520 Undecimo
456 1492 558 1519 anno
581 1480 715 1519 Punici
737 1480 821 1518 belli
839 1481 1082 1519 consulatum
1101 1481 1269 1519 inierunt
1285 1480 1332 1519 M.
1350 1480 1510 1518 Marcel—

107 1538 166 1577 lus
189 1538 365 1588 quintum
388 1560 441 1565 —
464 1542 505 1575 ut
525 1542 752 1576 numeretur
769 1538 1004 1583 consulatus,
1027 1549 1139 1587 quem
1157 1537 1248 1575 vitio
1266 1542 1415 1575 creatus
1431 1548 1511 1575 non

108 1594 227 1645 gessit
246 1617 300 1622 —-
322 1600 358 1632 et
381 1593 418 1632 T.
451 1593 653 1640 Quinctius
685 1592 900 1644 Crispinus.
949 1594 1123 1644 utrisque
1151 1593 1378 1632 consulibus
1406 1592 1512 1631 Italia

109 1651 257 1690 decreta
280 1650 479 1701 provincia
501 1655 560 1688 est
580 1655 617 1688 et
639 1650 715 1688 duo
746 1650 950 1688 consulum
974 1649 1117 1700 prioris
1135 1650 1225 1688 anni
1248 1649 1436 1688 exercitus
1458 1672 1512 1676 —

1539 1262 1577 1294 10

1541 1482 1594 1520 22

1542 1599 1560 1631 2

113 1740 296 1783 σαμέιόυς
310 1743 572 1782 etc—postero
587 1740 628 1780 d.,
643 1740 694 1771 die
711 1739 776 1771 Co-

111 1785 224 1816 mitien
242 1794 353 1815 waren
379 1785 444 1815 wol
463 1785 560 1815 schon
580 1785 702 1816 vorher
718 1795 777 1815 an-

111 1834 238 1869 gesagt.
254 1847 297 1851 —
315 1831 399 1860 cent.
418 1840 496 1868 om„
515 1829 573 1869 26,
596 1829 647 1869 18,
665 1829 704 1866 93
726 1829 777 1870 10,

114 1874 170 1913 11,
201 1874 237 1911 43
265 1874 377 1913 Lange
400 1873 436 1913 2,
463 1874 540 1905 454.
563 1892 608 1897 —
630 1874 777 1912 addItur,

111 1919 194 1950 wird
218 1919 268 1950 als
293 1920 352 1950 der
374 1919 493 1951 zweitc
521 1919 681 1959 gewiihlt,
712 1919 778 1958 vgl.

112 1964 149 2004 7,
177 1963 234 2003 12,
254 1964 284 1995 9.
302 1983 341 1986 —-
365 1966 435 1995 tum
452 1975 517 2007 pn,
536 1964 607 1995 also
626 1965 709 1994 ohne
726 1965 777 1995 die

110 2010 224 2051 spiiter
252 2007 490 2041 erforderliche
519 2008 777 2040 Zwischenzeit.

109 2072 153 2077 —
170 2053 231 2085 lul.
252 2053 357 2092 Caes„
377 2054 428 2085 bei
446 2055 509 2085 ihm
528 2054 648 2085 kommt
664 2058 778 2085 zuerst

111 2100 169 2142 der
187 2099 331 2130 Zuname
351 2098 473 2131 Caesar
498 2110 575 2139 vor,
600 2109 626 2130 S.
644 2098 727 2130 Plin.
747 2098 776 2137 7,

111 2144 142 2184 9,
161 2144 214 2174 47.

158 2188 291 2218 7-10.
337 2190 510 2231 inspicer.‚
544 2200 571 2220 c.
596 2188 654 2229 36,
678 2188 709 2220 3.
733 2206 776 2211 —

112 2233 280 2273 Etruriae,
300 2233 350 2263 ein
365 2233 453 2264 Heer
470 2234 513 2264 ist
529 2234 628 2264 sebon
644 2234 684 2264 im
699 2234 777 2264 Jahr

114 2277 178 2308 212
198 2278 291 2308 dahin
317 2278 504 2318 geschmkt,
523 2289 549 2309 s.
568 2278 621 2317 25,
640 2278 669 2317 3,
689 2279 777 2309 4.—

113 2333 150 2353 eo
167 2326 269 2362 mela,
287 2322 314 2358 1,
330 2322 382 2361 30,
397 2323 563 2354 4.-οιιπι
577 2323 639 2364 lib„
655 2324 707 2361 25,
727 2323 777 2364 16,

113 2368 143 2398 7.
162 2386 206 2390 —
224 2367 336 2408 reditu,
355 2378 380 2398 s,
400 2378 426 2398 e.
447 2368 500 2399 25.
518 2386 562 2390 —-
578 2370 609 2399 in
629 2371 716 2409 sing.
734 2368 777 2408 d„

111 2413 188 2443 weil
204 2424 267 2443 von
283 2412 367 2443 zwei
383 2412 485 2443 Arten
501 2423 562 2443 von
578 2413 710 2454 Spielen
727 2414 780 2444 die

113 2456 202 2488 Rode
218 2458 341 2495 ist,von
358 2458 450 2488 einer
460 2458 566 2489 hiesse
581 2468 616 2489 es
634 2460 667 2488 in
682 2458 779 2500 diem,

113 2502 334 2543 dz'c711750mel,
353 2513 379 2533 s.
399 2514 426 2533 c.
445 2502 475 2541 6,
496 2503 547 2533 19.
582 2504 629 2534 An
650 2503 701 2533 die
717 2503 779 2534 Ei·-

113 2548 278 2587 wiibnung
292 2548 350 2578 der
360 2548 495 2579 Aedilen
511 2546 625 2589 kniipst
640 2548 707 2578 sich
723 2548 780 2579 das

116 2591 136 2633 ξ
154 2593 192 2622 10
212 2592 368 2632 Gesagte.
388 2611 431 2615 ——
450 2595 526 2624 trib.
544 2593 598 2635 pl„
618 2593 780 2624 Servilius

116 2638 196 2668 oder
218 2638 286 2668 sein
312 2637 417 2668 vater
444 2639 487 2669 ist
510 2639 580 2668 also
606 2648 666 2668 zur
684 2638 781 2669 Plebs

115 2681 377 2725 iibergegangen‚
387 2683 427 2715 da
441 2684 499 2715 der
509 2682 707 2715 Grossvater
717 2683 780 2714 502

848 1752 880 1772 u.
896 1740 959 1771 506
974 1740 1154 1771 beidemale
1169 1741 1226 1771 mit
1241 1741 1346 1771 einem
1359 1739 1514 1780 Plebejer

850 1785 990 1823 Consul,
1014 1786 1085 1816 also
1110 1786 1274 1817 Patricier
1298 1795 1378 1816 war.
1395 1803 1440 1808 -—-
1456 1788 1517 1816 aut

850 1830 937 1869 aed„
963 1831 1020 1860 das
1038 1832 1082 1861 ist
1099 1840 1136 1860 er
1154 1831 1270 1871 spiiter
1286 1839 1451 1869 gewesen.
1470 1847 1513 1851 —

851 1874 941 1916 quod
958 1877 1110 1917 patrem,
1134 1879 1217 1913 etc.‚
1246 1875 1303 1905 das
1334 1874 1513 1915 Hauptnio-

850 1924 955 1956 ment,
987 1920 1063 1950 dass
1093 1920 1161 1950 sein
1192 1919 1297 1950 Vater
1318 1920 1390 1950 eine
1413 1930 1513 1950 curu-

850 1964 952 1995 liscbe
971 1964 1098 1995 Wiirde
1118 1964 1284 1996 bekleidet
1307 1965 1414 2002 hatte,
1444 1974 1513 1996 was

848 2010 946 2040 allein
961 2010 1012 2040 die
1030 2009 1128 2040 wahl
1147 2010 1205 2040 des
1221 2009 1347 2040 Sohnes
1366 2009 1415 2040 bei
1431 2008 1514 2040 Leb-

850 2059 958 2085 zeiten
985 2055 1041 2085 des
1066 2054 1187 2085 Vaters
1217 2054 1369 2094 ungiiltig
1397 2055 1514 2091 machi,

849 2099 931 2130 wird
955 2104 1025 2130 erst
1049 2098 1101 2136 30,
1124 2099 1174 2138 19,
1193 2099 1212 2129 9
1229 2097 1452 2139 hinzugefiigt.
1472 2117 1515 2121 —

850 2146 1020 2176 trt‘umvz'r.
1044 2155 1137 2185 0372,
1161 2145 1190 2175 d.
1210 2145 1239 2175 h.
1257 2147 1353 2185 agris
1377 2144 1514 2184 σιὼ-ἵης·-

849 2189 970 2221 mandis
1001 2190 1082 2220 oder
1109 2200 1195 2229 agro
1219 2190 1345 2229 dando,
1377 2189 1406 2227 3,
1427 2188 1456 2228 1,
1475 2189 1511 2224 ῦς

849 2245 909 2265 zur
927 2234 1031 2264 Sarbe
1049 2233 1101 2271 21,
1121 2233 1171 2273 25,
1191 2233 1221 2265 3.

893 2274 963 2309 22.
1008 2278 1226 2318 Vertheilung
1250 2279 1310 2310 der
1327 2278 1512 2310 Provinzen

847 2325 911 2356 und
930 2324 1046 2355 Heere.

899 2369 994 2400 1—2.
1013 2372 1052 2400 ut
1068 2379 1176 2409 wan„
1195 2380 1230 2399 so
1250 2370 1343 2408 dass,
1361 2370 1391 2400 d.
1406 2370 1435 2399 h.
1456 2379 1513 2408 ge-

851 2419 937 2445 setzt
956 2415 1031 2445 dass
1049 2424 1119 2444 man
1134 2415 1294 2451 mitziihlt,
1309 2415 1374 2454 vgl.
1394 2414 1445 2454 22,
1465 2414 1514 2453 12,

853 2460 889 2497 ’ῖς
922 2459 973 2493 22,
1005 2459 1057 2492 25.
1089 2458 1121 2489 2:
1148 2463 1186 2490 ut
1219 2470 1298 2491 vera
1318 2478 1362 2481 —
1384 2462 1514 2491 essent:

852 2505 932 2535 nach
959 2504 1128 2534 Andercn:
1159 2515 1209 2535 um
1223 2523 1264 2526 ——
1280 2504 1513 2535 mitzuzablen.

851 2568 895 2572 —
921 2551 1087 2590 utrisque,
1113 2549 1149 2584 9,
1179 2549 1231 2587 12,
1252 2549 1288 2587 23
1314 2549 1366 2585 29,
1384 2549 1437 2587 37,
1459 2549 1514 2579 17:

852 2597 1005 2635 utrisque
1042 2595 1286 2631 (eensorihzzs);
1324 2594 1382 2634 30,
1414 2594 1448 2631 S,
1480 2594 1513 2623 7:

852 2643 997 2680 utraque
1021 2649 1163 2677 007’7111113
1190 2638 1248 2678 34,
1268 2639 1326 2678 25,
1345 2640 1379 2670 5:
1404 2641 1517 2671 utras-

854 2696 915 2726 que
931 2694 1027 2716 arces
1044 2695 1074 2715 u.
1091 2694 1120 2715 a.
1138 2702 1183 2708 —-
1199 2684 1266 2717 duo
1288 2683 1413 2716 consul.
1440 2689 1515 2723 etc„
