1784 2967
645 221 770 255 LIBER
794 220 910 253 XXX.
959 220 1052 253 CAP.
1070 220 1124 253 40.
1150 221 1206 253 41.
1477 238 1541 257 a..u.
1556 231 1620 257 553.

216 227 298 266 414

144 333 181 366 11
214 328 401 367 decresse.
443 326 574 365 multis
597 323 913 364 contentionibus
936 328 974 362 et
993 324 1033 362 in
1054 328 1191 362 senatu
1212 328 1248 362 et
1268 323 1314 367 ad
1331 325 1521 376 populum
1538 331 1619 365 acta

143 389 183 422 12
211 396 273 423 res
294 389 494 435 postremo
516 394 561 420 6ο
584 381 747 420 deducta
771 386 841 427 est,
859 385 902 420 ut
918 381 1066 419 senatui
1084 380 1364 431 permitterent.
1401 387 1530 432 patres
1548 383 1619 434 igi-

212 446 274 479 tur
304 440 414 479 iurati
435 462 490 466 —
517 438 569 477 ita
597 437 700 477 enim
730 442 962 477 convenerat
987 461 1043 464 —
1071 441 1324 485 censuerunt,
1352 439 1409 477 uti
1437 440 1616 478 consules

210 495 428 548 provincias
451 495 551 533 inter
572 507 614 533 se
636 499 909 546 compararent
929 494 1218 539 sortirenturve,
1250 499 1334 533 uter
1354 495 1511 543 Italiam,
1533 500 1617 535 uter

139 559 179 592 13
210 553 370 592 classem
392 551 547 590 navium
570 563 591 589 1.
613 551 789 598 haberet,
811 551 871 590 cui
889 551 1023 590 classis
1043 550 1273 597 obvenisset,
1297 551 1336 589 in
1355 551 1523 591 Siciliam
1545 564 1616 591 113-
1647 560 1665 590 5

209 609 360 659 vigaret,
383 608 415 647 si
433 621 506 659 pax
524 620 611 647 cum
625 607 1005 658 Carthaginiensibus
1027 607 1211 658 componi
1229 608 1438 659 nequisset,
1457 608 1496 646 in
1513 608 1616 647 Afri-

209 678 290 704 cam
308 665 502 712 traiceret3
520 665 656 704 consul
673 664 780 710 mari,
797 664 927 715 Scipio
946 664 1096 710 eodem,
1116 676 1192 715 quo
1211 664 1347 712 adhuc,
1364 665 1446 704 iure
1463 664 1615 716 imperii

138 730 178 762 14
207 727 307 760 terra
328 734 409 760 rem
432 726 601 772 gereret,
623 721 654 760 si
678 721 929 760 condiciones
952 721 1205 759 convenirent
1225 721 1342 772 pacis,
1363 721 1508 760 tribuni
1533 721 1615 772 ple—

206 778 265 817 bis
288 778 477 830 populum
499 783 692 829 rogarent,
720 782 853 817 utrum
883 777 1085 816 consulem
1118 789 1170 815 (m
1190 777 1232 815 P.
1256 777 1481 829 Scipionem
1503 778 1614 817 iube-

206 840 291 874 rent
317 847 451 886 pacem
481 835 594 882 dare,
623 840 661 873 et
686 847 821 886 quem,
852 835 883 873 si
913 834 1177 885 deportandus
1206 835 1396 874 exercitus
1418 832 1547 874 'vietor
1569 848 1613 874 ex
1643 840 1685 872 10

137 901 176 933 15
206 892 331 931 Africa
359 896 480 939 esset,
508 891 730 942 deportare3
760 892 793 930 si
821 903 956 942 pacem
986 903 1055 941 per
1076 890 1118 929 P.
1142 890 1365 940 Scipionem
1393 892 1483 931 dari
1502 896 1615 942 atque

204 948 250 987 ab
272 949 408 987 eodem
432 949 641 987 exercitum
665 948 862 999 deportari
882 948 1110 996 iussissent,
1132 959 1181 985 ne
1203 948 1339 986 consul
1360 960 1404 986 ex
1427 947 1554 986 Sicilia
1575 948 1615 986 111

135 1012 175 1044 16
205 1005 371 1044 Africam
399 1004 586 1044 traiceret.
637 1005 731 1044 alter
755 1005 902 1051 consul,
932 1004 993 1043 cui
1016 1003 1120 1043 Italia
1145 1003 1346 1052 evenisset,
1376 1004 1470 1043 duas
1494 1004 1616 1055 legio-

204 1073 273 1100 nes
296 1074 320 1100 a
340 1060 392 1099 M.
417 1062 546 1100 Sextio
567 1066 745 1113 praetore
767 1061 969 1112 acciperet.

317 1118 358 1156 P.
392 1118 564 1169 Scipioni
601 1131 689 1157 cum
726 1118 974 1167 exercitibus,
1012 1129 1113 1168 quos
1142 1115 1320 1163 haberet,
1349 1116 1387 1156 in
1416 1116 1613 1167 provincia
1646 1123 1687 1154 15

203 1173 326 1213 Africa
354 1179 609 1225 prorogatum
638 1175 858 1226 imperium.
899 1174 1070 1226 praetori
1098 1173 1147 1212 M.
1170 1173 1319 1211 Valerio
1342 1173 1491 1212 Faltoni
1519 1173 1615 1212 duae

155 1240 173 1271 2
203 1231 373 1281 legiones
395 1231 433 1270 in
451 1231 622 1279 Bruttiis,
645 1231 785 1282 quibus
804 1231 843 1270 C.
861 1231 991 1270 Livius
1014 1230 1145 1282 priore
1167 1241 1269 1268 anno
1291 1230 1524 1281 praefuerat,
1546 1230 1615 1269 de—

203 1292 344 1334 cretae,
367 1287 408 1326 P.
431 1288 561 1327 Aelius
583 1293 742 1339 praetor
764 1288 858 1326 duas
879 1288 1047 1338 legiones
1068 1287 1108 1325 in
1131 1286 1259 1325 Sicilia
1282 1286 1327 1325 ab
1350 1286 1416 1325 Cn.
1441 1286 1615 1325 Tremel-

201 1344 250 1382 lio
272 1344 481 1394 acciperet,
502 1344 599 1395 legio
620 1356 698 1383 una
715 1345 764 1383 M.
782 1344 900 1383 Fabio
922 1345 959 1383 in
977 1343 1206 1390 Sardiniam,
1230 1355 1345 1394 quam
1366 1344 1409 1382 P.
1427 1343 1612 1382 Lentulus

154 1410 173 1441 3
203 1413 274 1451 pro
296 1405 475 1451 praetore
495 1401 705 1449 habuisset,
730 1401 960 1440 decernitur.
1000 1401 1047 1439 M.
1067 1399 1225 1439 Servilio
1246 1399 1388 1450 prioris
1410 1400 1500 1439 anni
1517 1411 1612 1438 con—
1642 1407 1685 1439 20

124 1121 177 1160 41

201 1494 313 1529 retur,
331 1492 443 1534 finiti,
466 1502 492 1522 s.
511 1490 616 1533 praef.
637 1491 667 1522 7.
682 1509 725 1514 —-
743 1502 870 1532 omnes‘,
943 1494 1150 1524 censuerunt
1170 1491 1306 1523 zuriick.
1326 1510 1365 1514 -—
1385 1490 1517 1531 Seoetio,
1536 1501 1562 1522 s.
1584 1501 1612 1522 c.

201 1546 229 1567 s.
248 1546 275 1567 6.
294 1535 348 1575 27,
367 1535 397 1567 3.
415 1555 454 1558 -—
474 1536 512 1567 id
526 1538 664 1579 imper„
681 1536 742 1567 den
762 1536 868 1568 01161·-
942 1537 995 1578 27,
1015 1537 1045 1568 7.

200 1579 310 1612 befebl
328 1581 359 1612 in
377 1580 500 1612 diesem
517 1579 652 1622 Hriege,
671 1581 724 1622 26,
746 1581 796 1623 18,
813 1581 844 1613 9.
987 1575 1056 1613 41.
1107 1580 1217 1612 1—2.
1266 1583 1439 1613 eoeercitib.
1471 1581 1516 1612 ist
1547 1580 1614 1611 wol

943 1625 1115 1668 Truppen,
1140 1625 1400 1659 Heeresmassen
1419 1626 1612 1668 uberhaupt,

250 1625 340 1657 11—
356 1625 407 1657 13.
432 1628 467 1658 in
485 1629 621 1667 senatu,
646 1627 870 1658 wuhrschein-

944 1682 971 1703 3.
995 1671 1055 1708 23,
1084 1670 1202 1712 32,1;
1229 1671 1324 1704 Caes.
1344 1672 1378 1703 Β.
1399 1671 1433 1703 C.
1453 1671 1483 1712 3,
1502 1670 1555 1710 81,
1573 1670 1612 1709 23

200 1671 263 1702 lich
293 1671 400 1702 sollen
429 1672 480 1703 die
510 1671 679 1703 Tribunen
708 1671 868 1711 bewogen

200 1717 335 1747 werden
350 1726 412 1747 von
427 1717 530 1748 ihrem
545 1716 786 1757 eigenm'zichtig
799 1717 869 1748 ein-

199 1761 400 1802 gebrachten
425 1762 573 1803 Antrage
595 1761 816 1801 abzustehen,
844 1773 869 1794 s.

200 1806 253 1846 38,
268 1806 320 1845 36,
336 1807 366 1838 S.
379 1825 423 1829 —
435 1809 636 1850 permittor„
650 1818 681 1838 n.
696 1817 778 1847 rem,
793 1807 869 1838 dass

200 1852 248 1883 sie
277 1852 328 1883 die
351 1851 601 1892 Entscheidung
630 1853 719 1884 nicht
746 1863 786 1884 an
811 1853 868 1885 das

199 1896 286 1928 Volk
305 1897 475 1930 briichten.
495 1914 540 1920 -—·
555 1899 672 1935 iurati,
692 1908 718 1928 3.
740 1897 793 1938 26,
815 1897 868 1937 33,

202 1941 260 1980 14;
276 1941 329 1981 42,
344 1941 397 1981 21,
413 1943 450 1981 53
470 1942 581 1983 Lange
596 1943 627 1983 2,
642 1942 718 1975 355.
732 1953 869 1986 —pro-

198 1988 283 2018 vinc.
297 2004 342 2009 —
354 1989 540 2029 sor-tironi„
560 1998 588 2019 s.
601 1987 653 2027 33,
671 1988 723 2030 43,
743 1988 778 2020 2:
795 1988 869 2031 pla-

199 2042 274 2063 cet-e
298 2032 450 2064 consules
467 2033 664 2076 Hispaniam
686 2036 719 2064 et
736 2033 869 2065 Italiam

196 2078 388 2120 provincias
396 2080 456 2109 aut
463 2089 662 2121 comparare
669 2079 703 2110 in
709 2081 759 2110 tet·
766 2090 802 2110 se
809 2082 870 2111 aut

198 2123 333 2160 sortiri,
358 2123 416 2162 43,
444 2123 501 2163 12,
524 2124 552 2155 1.
586 2123 655 2155 Auf
669 2124 720 2155 die
738 2123 870 2155 Forde-

200 2177 283 2207 rung
312 2168 369 2198 des
392 2168 555 2200 Lentulus
579 2168 635 2210 §7
666 2170 749 2201 wird
778 2170 868 2200 nicht

198 2213 436 2253 eingegangen.
468 2232 513 2237 —
539 2216 645 2255 mari,
680 2215 771 2246 diese
806 2215 868 2246 Be-

199 2257 410 2298 schr‘zinkung
432 2269 502 2290 war
525 2270 552 2290 6.
576 2259 630 2300 27,
649 2260 667 2290 5
686 2260 776 2290 nicht
793 2260 866 2291 hin-

199 2300 365 2342 zugefiigt.
383 2322 423 2326 ——
443 2303 552 2336 adhuc
575 2316 605 2336 11.
628 2307 806 2347 gessisset.
823 2323 868 2328 —-

197 2348 270 2378 inre
286 2348 378 2390 imp„
397 2359 423 2379 6.
442 2348 472 2389 2,
489 2349 520 2380 4.

246 2391 337 2422 14-
350 2393 400 2424 15.
426 2395 590 2435 iuberent,
609 2405 635 2426 s.
653 2405 682 2426 6.
700 2395 754 2434 41,
773 2395 804 2426 4.
823 2413 867 2417 —

199 2446 295 2476 quem
319 2448 349 2469 n.
373 2439 535 2471 iuberent.
554 2457 599 2462 —
618 2450 681 2482 per
704 2440 743 2471 P.
767 2438 866 2483 δαίμ,

198 2481 272 2511 weil
298 2491 334 2512 61·
358 2493 420 2514 nur
438 2485 496 2515 der
512 2484 710 2516 Vermittler
727 2486 786 2524 ist,
804 2485 865 2516 Se-

200 2529 254 2556 nat
276 2527 340 2557 und
359 2527 446 2559 Volk
473 2530 533 2560 den
553 2529 695 2561 Frieden
722 2530 864 2561 schlies-

199 2580 266 2600 sen.
285 2588 324 2593 —
344 2571 421 2603 (lari
441 2578 566 2605 musste
584 2574 706 2605 ebenso
726 2575 788 2606 wie
806 2575 864 2607 de-

198 2617 330 2654 portari
347 2617 543 2650 wiederholt
560 2620 709 2661 werden,
734 2620 800 2651 und
819 2620 864 2652 ist

200 2658 263 2688 wol
302 2660 520 2699 ausgefallen.
553 2681 596 2686 —
626 2675 668 2695 ne
700 2666 777 2704 geht
809 2663 868 2696 auf

942 1717 1009 1757 vgl.
1028 1716 1108 1747 Tac.
1127 1717 1211 1748 Anu.
1234 1717 1261 1756 1,
1281 1717 1322 1748 52
1332 1716 1370 1758 f.,
1391 1721 1489 1747 unter
1506 1716 1612 1747 denen

942 1762 1024 1793 auch
1053 1762 1205 1792 mehr-ere
1236 1761 1402 1802 Legionen
1434 1761 1517 1793 sind.
1552 1760 1612 1792 Die

942 1806 1024 1838 Zahl
1042 1806 1216 1838 derselben
1234 1807 1320 1839 liisst
1336 1807 1372 1839 L.
1391 1806 1613 1845 unbestimmt,

942 1852 1072 1883 scheint
1106 1852 1202 1893 aber,
1241 1852 1390 1892 obgleich
1424 1862 1474 1893 es,
1516 1861 1612 1882 wenn

943 1898 995 1929 bei
1022 1898 1084 1928 den
1113 1896 1134 1938 ξ
1165 1897 1184 1928 9
1208 1898 1444 1938 angegebenen
1477 1897 1518 1928 14
1547 1896 1612 1928 Le-

942 1943 1061 1983 gionen
1096 1943 1147 1973 die
1183 1953 1210 1974 6.
1245 1943 1304 1983 40,
1342 1944 1382 1975 16
1419 1942 1612 1974 erwiihnten

942 1988 1137 2028 mitgeziihlt
1167 1988 1254 2027 sind,
1293 1999 1356 2019 nur
1384 1988 1465 2019 zwei
1499 1997 1611 2027 gewe—

943 2044 1000 2064 sen
1031 2034 1101 2064 sein
1130 2032 1280 2072 konnen,
1312 2044 1339 2064 s.
1372 2033 1430 2072 29,
1462 2031 1524 2072 24,
1561 2031 1612 2071 13,

942 2079 1042 2110 durch
1061 2079 1121 2109 den
1140 2077 1315 2109 Ausdruck
1330 2079 1516 2118 exercitus,
1534 2086 1560 2107 s.
1581 2075 1611 2115 6,

942 2123 994 2162 30,
1014 2124 1044 2163 7,
1067 2123 1141 2153 eine
1164 2124 1318 2162 gro'ssere
1336 2123 1419 2154 Zahl
1443 2122 1612 2153 anzudeu-

940 2173 1012 2208 ten,
1032 2169 1071 2199 da
1091 2168 1143 2198 6111
1162 2168 1427 2200 consularisches
1447 2167 1535 2198 Heer
1551 2176 1611 2197 uus

940 2214 1025 2244 zwei
1047 2213 1216 2252 Legionen
1247 2213 1307 2244 mit
1335 2214 1396 2245 den
1421 2212 1612 2251 Bundesge-

940 2269 1060 2290 nossen
1079 2258 1228 2289 bestand.
1245 2276 1291 2281 —
1305 2269 1459 2302 proroga,
1473 2269 1499 2289 s.
1514 2268 1541 2289 6.
1556 2256 1610 2296 27,

941 2304 971 2335 3.
988 2322 1033 2326 ——
1055 2303 1170 2335 Livias
1191 2321 1237 2326 —
1264 2303 1453 2336 Tremellio.
1472 2302 1548 2334 ibid.
1566 2319 1612 2324 -—

940 2351 972 2380 in
990 2347 1143 2390 Sardin,
1160 2346 1214 2379 fiir
1232 2348 1420 2389 Sardinien,
1439 2360 1466 2380 s.
1485 2346 1538 2388 26,
1560 2345 1609 2387 18,

940 2394 977 2431 4,
1004 2394 1042 2432 63
1064 2394 1115 2425 die
1140 2394 1215 2425 dort
1239 2395 1398 2426 stehende
1417 2394 1558 2434 Legion,
1582 2402 1609 2422 s.

939 2438 996 2479 28,
1020 2439 1069 2478 10,
1091 2439 1142 2477 14,
1162 2439 1206 2470 ist
1223 2440 1303 2470 nach
1324 2450 1351 2471 6.
1370 2439 1400 2481 2,
1418 2439 1438 2470 4
1457 2439 1534 2470 sehr
1550 2447 1610 2477 ge-

939 2485 1125 2523 schw'zicht,
1156 2484 1229 2515 eine
1255 2494 1339 2515 neue
1366 2485 1447 2516 nach
1471 2494 1499 2515 6.
1517 2481 1572 2522 27,
1591 2481 1610 2512 9

939 2530 1021 2560 noch
1043 2530 1130 2560 nicht
1147 2529 1241 2560 dahin
1260 2530 1443 2570 geschickt.
1463 2547 1506 2550 —
1522 2526 1610 2558 Len-

938 2574 1045 2615 tulus,
1072 2574 1345 2605 wahrscheinlich
1366 2575 1410 2605 ist
1428 2574 1490 2604 ihm
1508 2582 1534 2603 c.
1556 2571 1610 2611 27,

937 2620 956 2650 9
974 2620 1032 2651 das
1058 2620 1228 2661 imperium
1246 2619 1445 2658 ver-liin'gert
1463 2617 1609 2657 worden,

937 2674 963 2696 S.
981 2675 1010 2696 c.
1030 2664 1088 2703 36,
1114 2663 1152 2703 23
1182 2664 1216 2704 1,
1241 2664 1271 2696 9.
1290 2682 1335 2687 —
1351 2666 1442 2703 suis,
1463 2673 1490 2694 s.
1509 2672 1537 2694 6.
1556 2660 1609 2702 38,
