1784 2967
148 671 187 702 10

146 841 182 872 11

146 957 186 989 12

145 1124 185 1156 13

147 1350 186 1382 14

217 280 271 319 36

689 278 815 311 LlBER
834 278 959 313 XXIV.
995 279 1084 312 CAP.
1106 280 1157 312 16.

1478 296 1503 313 a.
1521 295 1547 313 u,
1565 288 1627 314 540.

217 381 357 420 milites
387 381 576 433 primum,
607 387 724 433 prout
752 381 937 433 cuiusque
959 382 1078 420 virtus
1101 386 1213 432 atque
1235 392 1352 432 opera
1374 380 1413 419 in
1435 393 1476 419 ea
1499 393 1627 432 pugna

216 438 351 484 fuerat,
368 438 597 477 militaribus
621 439 734 477 donis
757 439 951 486 donasset,
972 443 1077 483 tunc,
1110 438 1213 489 quod
1236 438 1280 475 ad
1304 438 1463 476 volones
1487 438 1626 476 attine-

217 500 291 540 ret,
331 507 466 534 omnes
495 495 546 533 ait
573 495 682 533 malle
709 495 884 534 laudatos
912 507 931 533 a
961 508 1003 533 se
1031 495 1169 545 dignos
1197 494 1472 545 indignosque,
1510 507 1627 545 quam

217 564 448 603 quemquam
478 564 523 590 eo
553 551 613 590 die
640 552 863 602 castigatum
887 564 985 590 esse.
1029 551 1132 602 quod
1156 551 1300 589 bonum
1324 551 1494 589 faustum
1518 550 1626 589 felix-

217 621 290 658 que
317 609 371 646 roi
401 608 573 659 publicae
600 608 772 659 ipsisque
800 613 919 654 esset,
953 619 1090 646 omnes
1113 621 1180 646 eos
1203 607 1347 646 liberos
1371 620 1458 645 esse
1480 607 1624 646 iubere.
1655 617 1674 648 5

217 665 262 703 ad
286 677 399 715 quam
430 677 560 703 vocem
585 677 672 703 cum
696 665 840 703 clamor
861 663 1006 715 ingenti
1028 664 1218 702 alacritate
1239 664 1412 702 sublatus
1435 669 1555 710 esset,
1584 676 1627 702 ac

215 733 320 760 nunc
349 721 523 772 conplexi
552 720 651 759 iuter
679 734 720 759 se
748 721 1080 771 gratulantesque,
1112 732 1216 759 nunc
1243 732 1382 758 manus
1411 721 1456 759 ad
1480 721 1625 759 caelum

214 778 392 816 tollentes
416 778 517 816 bona
541 777 667 815 omnia
691 777 836 828 populo
854 778 1031 816 Romano
1051 777 1301 827 Gracchoque
1321 777 1395 827 ipsi
1417 789 1625 827 precaren-

214 839 289 880 tur,
312 839 393 872 tum
417 834 613 872 Gracchus
635 834 881 884 „priusquam
906 845 1042 872 omnes
1066 834 1146 872 iure
1166 833 1350 872 libertatis
1370 838 1625 884 aequassem“

215 890 356 941 inquit,
380 889 608 935 „neuiinem
635 895 725 928 nota
754 890 900 928 strenui
932 895 998 928 aut
1018 890 1142 940 ignavi
1165 890 1297 928 militis
1319 895 1479 928 notasse
1500 890 1624 928 volui:
1657 902 1696 934 10

215 958 318 985 nunc
338 946 509 985 exsoluta
527 946 600 984 iam
625 947 698 984 fide
720 945 881 996 publica,
905 957 953 984 ne
975 945 1184 984 discrimen
1208 959 1323 984 omne
1344 946 1495 984 virtutis
1515 946 1623 996 igna—

216 1003 370 1053 xiaeque
399 1007 547 1053 pereat,
576 1003 736 1041 nomina
760 1015 914 1048 eorum,
944 1003 1007 1053 qui
1036 1003 1264 1041 detractatae
1293 1015 1444 1054 pugnae
1471 1015 1624 1041 memo—

216 1072 276 1098 res
307 1059 566 1097 secessionem
595 1060 708 1109 paulo
737 1064 822 1097 ante
848 1059 1041 1105 fecerunt,
1070 1058 1204 1097 referri
1227 1059 1272 1097 ad
1297 1072 1358 1097 me
1379 1059 1539 1105 iubebo,
1569 1059 1624 1097 ci-

214 1121 393 1166 tatosque
422 1115 595 1166 singulos
623 1116 704 1153 iure
731 1115 892 1154 iurando
921 1116 1090 1166 adigam,
1126 1115 1201 1153 nisi
1230 1115 1290 1153 cui
1318 1116 1479 1154 morbus
1510 1128 1624 1155 causa

214 1172 297 1218 erit,
320 1184 399 1210 non
422 1173 529 1210 aliter
550 1185 663 1222 quam
687 1177 833 1210 stantes
856 1171 983 1210 cibum
1008 1171 1298 1222 potionemque,
1322 1172 1449 1223 quoad
1472 1172 1621 1223 stipen-
1656 1184 1693 1216 15

215 1229 274 1266 dia
295 1228 446 1274 facient,
470 1234 651 1278 capturos
675 1241 773 1267 esse.
816 1229 914 1267 hanc
934 1228 1093 1266 multam
1116 1228 1166 1266 ita
1189 1241 1310 1278 aequo
1330 1229 1460 1267 animo
1477 1229 1621 1275 feretis,

215 1285 246 1323 si
268 1285 493 1335 reputabitis
515 1285 615 1323 nulla
637 1285 807 1336 ignaviae
829 1289 920 1323 nota
943 1284 1083 1322 leviore
1104 1297 1173 1323 vos
1196 1285 1388 1335 designari
1406 1285 1622 1335 potuisse“.

215 1341 366 1392 signum
391 1342 525 1379 deinde
548 1341 747 1393 colligendi
769 1354 855 1379 vasa
879 1341 994 1387 dedit,
1020 1341 1237 1392 militesque
1257 1342 1439 1392 praedam
1460 1346 1621 1392 portan-

214 1459 257 1464 —
272 1444 377 1484 prout
393 1447 453 1473 etc.
470 1442 522 1479 38,
537 1442 589 1480 40,
609 1442 666 1473 14:
683 1445 788 1485 prout
803 1444 877 1474 am·-

213 1497 289 1518 mus
304 1489 531 1529 pugnautz'mn
554 1490 615 1527 est,
639 1490 744 1530 prout
764 1498 881 1519 nnme-

214 1542 295 1570 ras‚·
316 1531 353 1562 Z.
370 1531 389 1573 ξ
406 1532 468 1562 365
484 1543 512 1563 a.
530 1532 614 1563 E.—-
630 1535 708 1563 tmlc
722 1533 760 1563 im
773 1532 880 1564 Nach-

215 1581 319 1616 satze,
344 1587 369 1607 s.
394 1577 424 1615 4,
450 1577 501 1613 55,
522 1576 558 1615 23
592 1577 646 1617 45,
665 1577 695 1617 3,
716 1577 753 1616 ὃς
789 1588 828 1609 an
848 1589 878 1608 u.

216 1621 320 1653 Stelle
351 1622 535 1663 entspricht
564 1632 599 1653 es
631 1623 780 1662 zugleich
810 1625 881 1666 prz'-

213 1677 317 1698 mum.
330 1685 375 1689 —
392 1678 534 1709 quamq„
554 1667 647 1698 einen
663 1669 812 1708 einzigen
831 1669 881 1699 als

216 1710 405 1752 Gegcnsatz
422 1722 461 1742 zu
477 1723 601 1751 onmes,
620 1712 742 1744 konute
757 1713 880 1744 eintre-

216 1762 282 1795 ten,
307 1757 345 1787 da
363 1757 462 1788 malle
479 1776 521 1780 —-
539 1768 638 1799 quam
657 1759 725 1789 sich
740 1759 798 1789 der
812 1758 880 1789 Ne-

217 1802 326 1841 gation
344 1802 470 1833 uiihert.
486 1821 529 1824 —
543 1802 633 1843 qnod
649 1803 676 1834 I).
692 1807 765 1844 ete„
786 1803 812 1845 l,
830 1804 879 1843 17,

220 1847 276 1884 103
305 1847 376 1877 hier
398 1857 449 1877 um
469 1847 519 1878 die
539 1847 711 1886 Hautllung
731 1848 878 1880 feierlich

217 1902 257 1923 zu
286 1893 431 1931 machen,
462 1893 500 1923 da
531 1893 583 1923 ein
613 1893 782 1924 iihnlicher
806 1894 879 1925 Fall

217 1937 296 2011 illoclh
312 1937 403 2011 tnicht
421 1938 675 1977 vorgekommen
696 1939 748 1979 ist,
768 1939 878 1979 Lange

241 2006 247 2019 ‚
290 1982 306 2011 Γ)
324 1983 342 2012 ).

262 2046 403 2078 10—11.
430 2047 586 2089 conplente*
608 2050 629 2078 ί.
654 2059 693 2087 aa,
725 2048 751 2089 7,
771 2048 824 2088 42,
842 2048 876 2079 6:

214 2091 376 2133 conplecti
390 2092 478 2122 inter
494 2102 529 2122 se
552 2103 583 2122 u.
602 2102 646 2123 (με
679 2093 745 2123 sich
763 2094 876 2124 einan-

214 2137 283 2173 der,
303 2146 327 2166 s.
348 2146 373 2166 r.
393 2136 446 2175 47,
466 2136 495 2166 4.
513 2154 557 2158 —
573 2137 658 2168 bona
676 2148 715 2175 o.,
740 2137 818 2169 Tac.
839 2139 875 2169 H.

214 2179 244 2219 2,
263 2180 318 2211 74:
345 2182 476 2220 ‚fausta
502 2181 636 2213 Vitellio
663 2184 773 2214 omnia
794 2194 874 2226 pre—

212 2227 341 2256 cantem
357 2236 386 2256 u.
403 2226 572 2257 'aL—nota
591 2227 660 2257 hier
676 2227 873 2270 iiberhaupt:

213 2269 456 2307 liennzeicheu,
472 2271 550 2301 (loch
568 2272 700 2302 stehtes
712 2273 773 2303 wol
785 2275 875 2305 mehr

212 2316 242 2346 in
267 2315 378 2355 Bczug
401 2315 459 2345 aul¹
478 2317 602 2356 Ignari,
628 2317 691 2356 vgl.
717 2317 736 2357 ξ
766 2318 814 2348 13.
832 2337 876 2341 -—

211 2363 358 2399 notasse,
389 2360 478 2391 nicht
500 2371 584 2399 ganz
609 2362 712 2399 gloich
743 2366 873 2403 notare,

213 2405 407 2436 bczeichuet
429 2406 488 2435 (len
514 2406 614 2436 (lurcb
633 2406 684 2436 die
702 2410 782 2438 nola
800 2408 875 2439 her—

212 2450 472 2489 vorgcbraehten
503 2450 662 2489 Zustand,
692 2452 755 2482 wie
787 2451 807 2492 ξ
838 2454 873 2484 9;

210 2494 308 2525 ¹malle
330 2495 486 2527 laudatos
504 2514 546 2518 —
563 2498 767 2536 castigatum
791 2509 874 2537 csse„

211 2540 263 2578 22,
282 2540 335 2578 59,
358 2540 406 2579 10,
425 2550 452 2570 s.
471 2551 511 2570 zu
531 2540 580 2580 32,
600 2539 651 2581 21,
672 2540 724 2571 33.

259 2606 399 2638 12—13.
418 2608 493 2648 fide
507 2619 551 2651 μ,
571 2608 646 2639 dass
665 2619 728 2639 von
748 2609 877 2640 staats—

212 2661 234 2680 u
245 2661 325 2690 egen
345 2653 615 2690 ngiihrleistete
630 2653 874 2694 Versprecheu,

211 2707 237 2727 s.
257 2695 287 2735 2,
308 2697 359 2735 27,
382 2697 418 2735 1;
446 2698 475 2734 5,
496 2698 547 2737 20,
570 2698 619 2729 10.
645 2717 687 2720 —
711 2699 874 2740 singulos,

953 1441 1015 1471 wie
1035 1441 1085 1471 bei
1104 1442 1175 1472 dem
1194 1446 1446 1481 sacramentum,
1464 1442 1532 1482 vgl.
1547 1452 1574 1473 c.
1591 1441 1621 1483 8,

956 1485 1013 1525 183
1033 1485 1085 1525 28,
1101 1486 1153 1525 29,
1172 1487 1227 1518 12:
1245 1488 1457 1518 nominatim.
1472 1505 1515 1509 —-
1528 1497 1622 1519 mor-

955 1532 1016 1562 bus
1035 1541 1073 1568 c.,
1096 1531 1416 1573 Entsehuldigungs-
1435 1532 1516 1563 oder
1533 1531 1621 1564 Ver-

956 1576 1275 1616 hinderungsgrund,
1306 1577 1372 1618 vgl.
1392 1577 1422 1618 6,
1442 1577 1473 1617 6,
1495 1577 1550 1608 14:
1577 1588 1622 1610 eoe

955 1624 1133 1659 causariis,
1152 1621 1237 1653 Geli.
1259 1622 1309 1660 16,
1328 1624 1358 1660 4,
1380 1622 1410 1654 4.
1435 1622 1545 1655 Ueber
1557 1623 1619 1654 den

956 1665 1130 1697 Ausdruck
1157 1678 1184 1698 c.
1209 1667 1258 1707 18,
1278 1667 1314 1705 ῖς
1353 1667 1406 1706 34,
1431 1667 1483 1706 56,
1510 1667 1546 1699 9:
1584 1671 1624 1700 ut

954 1721 1077 1743 causas
1100 1715 1319 1754 cognosceret
1341 1723 1476 1750 eoram,
1502 1714 1621 1755 quibus

953 1774 997 1779 —
1009 1758 1149 1788 ‘morbus
1163 1768 1267 1789 cansa
1280 1760 1386 1797 esse&
1406 1758 1552 1798 ‹lagegen
1568 1757 1619 1799 38,

955 1802 1008 1841 52,
1028 1801 1046 1831 3
1064 1813 1096 1833 u.
1119 1802 1174 1833 10:
1210 1804 1368 1834 morbum
1393 1813 1518 1834 causae
1535 1813 1619 1843 esse,

954 1856 1013 1878 eur
1036 1848 1188 1884 abessen·
1221 1849 1288 1879 Cic.
1316 1847 1399 1881 Phil.
1429 1848 1456 1887 l,
1486 1848 1535 1888 11,
1561 1847 1619 1880 28:

952 1902 1011 1923 nec
1036 1894 1102 1923 erit
1130 1895 1254 1924 iustior
1277 1903 1380 1925 causa
1396 1894 1507 1925 morbi
1521 1903 1621 1935 quam

951 1939 1081 1969 mortis,
1092 1941 1218 1978 -ενῐὲ,
1234 1939 1284 1969 bei
1299 1937 1621 1978 ‹1e1·Untersuchung

951 1983 1017 2014 sich
1038 1983 1154 2022 zeigen
1173 1984 1274 2021 wird3
1293 1983 1346 2023 36,
1365 1983 1619 2025 7‚10.—quam

949 2030 991 2058 st.
1013 2028 1131 2068 „etiam
1151 2028 1180 2058 in
1201 2038 1314 2058 coena.
1341 2037 1411 2058 nam
1430 2028 1528 2068 vulgo
1548 2038 1617 2059 om-

951 2083 1008 2103 nes
1044 2077 1172 2103 stantes
1206 2072 1445 2114 praudebant.“
1495 2073 1616 2104 Duker.

950 2117 1051 2148 Sonst
1080 2118 1163 2148 wird
1193 2119 1249 2148 das
1282 2118 1387 2148 Essen
1422 2119 1618 2149 ausserbalb

949 2163 1006 2193 des
1037 2162 1179 2202 Walles,
1211 2173 1236 2193 s.
1266 2162 1382 2205 Polyb.
1408 2163 1439 2201 6,
1465 2163 1525 2201 38ς
1559 2164 1618 2194 das

949 2206 1070 2238 Stehen
1097 2206 1156 2238 auf
1176 2208 1237 2238 den
1262 2208 1420 2249 principia
1438 2208 1487 2239 als
1506 2207 1617 2240 Strafe

948 2251 1134 2292 angefiihrt,
1177 2253 1265 2284 nicht
1305 2252 1389 2284 bcim
1431 2253 1548 2293 Essen,
1590 2263 1617 2285 s.

950 2297 1054 2339 Mai-q.
1081 2297 1110 2338 3,
1136 2297 1165 2335 2,
1192 2297 1256 2328 319
1276 2297 1375 2330 n.72.
1405 2316 1449 2320 —
1466 2299 1616 2340 sacient,

948 2342 984 2382 2,
1010 2342 1066 2382 15,
1092 2342 1126 2373 3:
1157 2344 1230 2375 erit.
1263 2361 1308 2365 —
1340 2342 1498 2383 multam,
1525 2348 1619 2375 sonst

949 2386 1159 2424 Geldstrafe,
1184 2388 1301 2428 Abzng
1328 2399 1401 2419 vom
1427 2388 1545 2427 Solde,
1575 2388 1619 2420 ist

948 2432 1018 2462 hier
1040 2448 1084 2458 Ξ
1100 2436 1189 2473 nota,
1207 2434 1406 2475 ignominia,
1431 2433 1497 2473 vgl.
1516 2432 1545 2470 9,
1565 2432 1615 2473 16,

952 2477 1007 2515 183
1041 2477 1130 2508 Paul.
1170 2478 1259 2509 Diae.
1284 2489 1313 2520 p.
1340 2478 1398 2509 54:
1430 2480 1617 2509 censionem

944 2522 1061 2561 facere
1073 2522 1246 2555 dicebatur
1265 2533 1399 2564 censor,
1419 2533 1495 2555 cum
1512 2523 1595 2555 mul
1601 2542 1616 2546 -

948 2568 1029 2597 tam
1060 2570 1163 2608 equiti
1187 2569 1377 2610 inrogabat.
1409 2586 1453 2591 ——
1481 2568 1613 2610 ἀρεῖς-η.

947 2609 1011 2641 fast
1028 2626 1072 2637 =
1087 2616 1217 2644 notare.

997 2656 1135 2688 14—15.
1154 2668 1235 2689 vasa
1253 2658 1322 2690 coll.
1344 2668 1416 2689 zum
1431 2657 1613 2698 Aushruch,

947 2709 973 2730 s.
992 2700 1044 2737 22,
1069 2700 1120 2741 3⁰,
1147 2702 1175 2733 1.
1205 2721 1248 2726 ——-
1275 2706 1364 2746 port.
1395 2706 1521 2745 agent„
1549 2704 1612 2734 wie
