1784 2967
670 244 795 276 LIBER
820 231 960 276 xxvii.
1010 244 1103 275 car.
1129 243 1182 274 32.
1210 242 1262 274 33.

1531 258 1557 276 a.
1569 258 1596 275 u.
1613 251 1675 279 546.

274 247 325 287 82

225 356 244 386 9
276 349 379 399 quod
404 346 635 398 ignominiae
661 347 708 385 ad
740 346 836 385 Elim
870 350 1067 396 acceptum
1098 345 1234 383 fuerat.
1281 344 1462 383 dividenti
1497 344 1675 394 praedam

202 633 241 665 10

202 745 238 777 11

188 908 240 948 33

236 1724 239 1727 ·
267 1714 332 1746 (luo
350 1715 442 1746 milia
457 1726 642 1747 armorum.
656 1734 699 1739 --
711 1716 932 1758 Lychnidum,

273 404 521 455 captivosque
542 425 597 429 —
617 402 725 441 fuere
753 407 879 441 autem
903 415 1018 440 MMMM
1040 401 1262 447 hominum,
1284 401 1438 451 pecoris
1461 400 1675 450 omnisge-

271 461 375 498 neris
397 460 442 497 ad
468 459 583 497 millia
604 471 652 497 xx
673 482 728 487 -—
748 460 907 497 nuntius
925 471 967 496 ex
989 457 1210 496 Macedonia
1233 457 1335 495 venit
1356 457 1528 507 Eropum
1552 469 1674 507 quen-

271 516 359 554 dam
396 519 580 566 corrupto
617 515 714 554 arcis
744 515 1002 566 praesidiique
1029 514 1222 565 praefecto
1251 513 1491 564 Lychnidum
1514 513 1674 564 cepisse,

270 577 399 610 tenere
427 576 464 610 et
479 571 787 615 Dassaretiorum
806 571 995 622 quosdam
1017 571 1141 617 vicos,
1163 575 1199 608 et
1221 570 1417 608 Dardanos
1441 569 1554 608 etiam
1577 581 1670 608 con-

271 628 359 667 cire.
397 627 545 666 omisso
574 627 688 678 igitur
710 628 874 666 Achaico
896 627 1006 673 bello,
1029 627 1170 665 relictis
1193 633 1321 665 tamen
1345 639 1399 664 MM
1425 631 1461 664 et
1482 625 1672 676 quingen-

270 684 319 723 tis
349 684 478 722 omnis
500 684 651 734 generis
673 689 911 722 armatorum
935 695 1022 721 cum
1046 683 1227 734 Menippo
1250 687 1286 721 et
1307 682 1544 733 Polyphanta
1567 682 1675 720 duci-

270 741 343 779 bus
376 741 422 779 ad
452 740 684 790 praesidium
713 740 929 785 sociorum,
959 739 1156 789 profectus
1183 739 1229 777 ab
1251 739 1380 789 Dymis
1403 751 1472 788 per
1494 738 1673 776 Achaiam

270 796 547 846 Boeotiamque
568 801 605 834 et
624 796 821 835 Euboeam
844 795 1015 834 decumis
1038 796 1173 834 castris
1191 795 1470 834 Demetriadem
1491 795 1532 832 in
1550 794 1674 832 Thes-

271 853 403 891 saliam
425 853 609 902 pervenit.

383 908 437 946 lbi
459 908 518 946 alii
536 909 722 946 maiorem
741 908 954 946 adferentes
970 907 1178 945 tumultum
1195 907 1320 945 nuntii
1338 912 1557 953 occurrunt,
1580 906 1676 945 Dar—

270 965 392 1002 danos
421 965 459 1002 in
481 964 743 1003 Macedoniam
773 964 917 1002 effusos
942 963 1160 1002 Orestidem
1192 963 1265 1002 iam
1298 968 1427 1002 tenere
1449 976 1492 1002 ac
1513 963 1674 1001 descen-

271 1020 374 1059 disse
391 1021 428 1058 in
447 1022 695 1070 Argestaeum
714 1033 906 1071 campum,
927 1020 1147 1070 famamque
1166 1020 1265 1057 inter
1281 1019 1467 1057 barbaros
1486 1019 1675 1057 celebrem

271 1089 357 1114 esse
370 1077 594 1127 Philippum
619 1077 803 1115 occisum.
833 1076 1075 1126 expeditione
1097 1089 1152 1121 ea,
1176 1088 1250 1126 qua
1272 1088 1358 1114 cum.
1379 1075 1673 1126 populatoribus

270 1133 348 1183 agri
377 1133 422 1171 ad
446 1133 648 1184 Sicyonem
678 1133 882 1183 pugnavit,
910 1132 949 1170 in
977 1132 1157 1171 arborem
1186 1132 1327 1170 inlatus
1352 1132 1496 1182 impetu
1519 1132 1604 1182 equi
1626 1132 1671 1170 ad

270 1189 501 1227 eminentem
531 1201 682 1227 ramum
702 1202 825 1227 cornu
846 1189 1005 1227 alterum
1028 1189 1151 1238 galeae
1172 1188 1396 1238 praefregit:
1419 1188 1454 1226 id
1477 1188 1674 1226 inventum

269 1244 315 1283 ab
336 1245 469 1283 Aetolo
493 1245 660 1295 quodam
684 1247 949 1295 perlatumque
971 1245 1009 1282 in
1028 1245 1213 1283 Aetoliam
1232 1245 1277 1283 ad
1297 1244 1593 1291 Scerdilaedum,
1616 1244 1675 1282 cui

269 1306 406 1339 notum
436 1307 516 1339 erat
542 1301 692 1352 insigne
713 1302 856 1352 galeae,
878 1301 1019 1339 famam
1040 1301 1225 1339 interfecti
1250 1301 1349 1350 regis
1373 1301 1546 1350 vulgavit.
1584 1305 1675 1350 post

270 1357 551 1407 profectionem
574 1371 618 1395 ex
640 1358 781 1396 Achaia
803 1357 903 1407 regis
922 1357 1113 1408 Sulpicius
1132 1357 1312 1407 Aeginam
1338 1357 1459 1395 classe
1476 1357 1672 1407 profectus

271 1425 358 1451 cum
389 1414 511 1452 Attalo
548 1426 633 1465 sese
662 1414 873 1452 coniunxit.
922 1414 1060 1452 Achaei
1088 1426 1174 1451 cum
1203 1413 1344 1451 Aetolis
1375 1413 1549 1463 Eleisque
1570 1413 1670 1451 haud

268 1470 401 1520 procul
424 1470 597 1508 Messene
624 1482 851 1520 prosperam
881 1482 1050 1520 pugnam
1075 1469 1261 1508 fecerunt.
1302 1470 1449 1507 Attalus
1477 1482 1542 1507 rex
1571 1475 1609 1508 et
1628 1469 1670 1508 P.

269 1525 461 1575 Sulpicius
484 1526 645 1576 Aeginae
666 1526 929 1565 hibernarunt.

1007 1625 1141 1657 Winkvl
1171 1625 1227 1657 des
1252 1625 1492 1665 Pagasfiischen
1518 1625 1671 1657 Meet-bu-

1006 1681 1098 1709 sens,
1122 1681 1148 1702 s.
1174 1671 1308 1701 Bursian
1338 1672 1372 1711 1,
1400 1671 1479 1709 1023
1504 1681 1564 1702 zur
1587 1670 1672 1702 Con-

1006 1720 1125 1747 struvt.
1144 1726 1171 1747 s.
1190 1726 1218 1746 e.
1236 1715 1288 1752 29,
1308 1716 1338 1747 4.

267 1625 481 1664 geschieden,
505 1636 531 1656 s.
551 1637 577 1657 c.
604 1626 663 1662 49,
688 1626 718 1657 6.
741 1644 786 1648 —
802 1626 847 1657 (ul
862 1626 931 1657 mil.

268 1669 350 1707 XX,
376 1681 405 1701 n.
425 1670 543 1710 Stiick,
570 1671 635 1710 vgl.
655 1671 713 1711 23,
732 1671 791 1706 345,
815 1671 934 1702 131ad

267 1759 318 1790 die
349 1759 547 1801 Hauptstadt
574 1761 633 1791 der
658 1761 868 1792 Dassaretier
898 1762 927 1791 in

265 1803 414 1846 lllyrien,
429 1805 455 1844 j.
477 1805 616 1836 Achrida
632 1806 713 1836 oder
730 1806 807 1837 Orci
826 1807 855 1836 in
874 1806 932 1837 Al-

265 1848 395 1889 banien,
413 1860 439 1880 s.
458 1849 511 1888 43,
529 1850 565 1889 9,
585 1850 622 1888 ’ῖς
649 1850 707 1890 33,
727 1849 778 1890 34,
801 1851 858 1888 113
885 1852 932 1882 sie

266 1894 349 1925 wird
363 1896 442 1925 auch
453 1894 607 1936 Lychnus
621 1901 776 1934 genannt.
789 1913 834 1918 ——
845 1896 934 1928 Dm·-

266 1938 383 1977 danos,
400 1940 547 1970 noi-dlich
563 1950 611 1970 am
628 1940 932 1981 Scodrusgebirge3

267 1983 298 2014 in
319 1983 458 2024 Miisien,
477 1995 503 2015 s.
521 1984 574 2025 26,
594 1984 654 2023 253
675 1985 728 2025 44,
748 1985 799 2023 31,
820 1986 856 2024 ὃς
880 1985 933 2025 31,

316 2072 426 2103 10-1
441 2073 466 2103 1.
491 2074 653 2114 Achaico,
677 2075 738 2104 den
757 2085 794 2105 er
812 2073 864 2105 fiir
881 2075 932 2106 die

266 2117 397 2147 Achiier
420 2116 541 2148 fiihrte.
565 2136 610 2140 —
632 2118 677 2149 ad
691 2119 839 2161 praesz'd.
857 2129 883 2149 s.
904 2131 932 2151 c.

268 2160 326 2199 22,
357 2161 387 2193 6.
417 2180 461 2184 —
488 2162 673 2203 Euboeam,
704 2164 794 2195 viell.
820 2173 930 2194 waren

266 2206 318 2236 die
336 2205 578 2249 Thermopylen
603 2219 665 2238 von
691 2209 751 2239 den
771 2208 930 2239 Aetolern

267 2250 398 2282 besetzt
416 2252 478 2282 wie
497 2252 555 2289 26,
580 2252 641 2291 253
668 2253 727 2289 23,
746 2253 781 2292 5,
800 2264 836 2284 so
855 2254 931 2284 dass

265 2305 302 2328 er
319 2296 418 2327 durch
434 2297 490 2327 (las¹
505 2298 674 2329 nordlirhe
688 2298 801 2329 Eubiia
817 2299 930 2329 ziehea

265 2346 407 2378 musste,
437 2343 518 2372 oder
547 2353 582 2373 es
611 2344 751 2382 geschah
782 2354 833 2374 um
857 2344 932 2375 dort

265 2386 355 2416 seine
384 2386 676 2426 ssundesgenossen
709 2398 748 2418 zu
773 2389 930 2419 ermutlii-

264 2440 342 2469 gen,
365 2431 403 2462 da
422 2432 552 2463 Attalus
576 2433 627 2463 die
651 2432 736 2464 Insel
761 2433 931 2473 bedrohte,

265 2485 290 2505 c.
310 2475 368 2512 30,
395 2477 423 2507 7,
448 2495 491 2499 —
515 2477 641 2509 deomn.
660 2481 782 2514 casita,
806 2478 858 2508 die
877 2480 931 2508 rii-

265 2519 385 2550 mischc
417 2521 532 2552 Weise
561 2532 599 2552 an
625 2522 733 2562 jedem
764 2522 853 2562 Tage
878 2524 927 2553 eiu

266 2563 373 2602 Lagei·
389 2564 643 2606 aufzuschlagen
663 2569 706 2599 ist
719 2566 777 2598 auf
790 2569 840 2598 die
860 2568 929 2598 Ma-

266 2610 420 2641 cedonici·
434 2611 691 2651 iibergetragen:
705 2623 754 2644 am
770 2613 818 2643 lo.
829 2612 929 2652 Tage.

265 2670 305 2674 —
336 2653 557 2695 hemetreacl„
589 2657 619 2687 in
644 2658 714 2688 dem
738 2658 928 2689 ntirdlicheu

1050 1754 1119 1793 33.
1160 1760 1266 1791 1—6.
1296 1760 1458 1799 Ores-tid„
1488 1761 1538 1791 die
1564 1760 1673 1792 Land—

1004 1804 1111 1837 schast
1134 1807 1174 1836 im
1193 1805 1314 1836 oberen
1333 1806 1626 1845 Haliacmonthale,
1645 1816 1671 1837 s.

1006 1851 1064 1890 31,
1090 1851 1143 1881 40.
1166 1869 1210 1872 -
1233 1852 1375 1892 Arge-et.
1395 1861 1518 1894 eamp.,
1545 1851 1673 1882 scheint

1007 1901 1100 1927 sonst
1115 1896 1202 1926 nicht
1217 1896 1361 1927 bekannt
1375 1907 1414 1927 zu
1430 1897 1518 1934 sein3
1538 1906 1573 1927 es
1589 1896 1669 1927 wird

1006 1943 1212 1981 Aestraeus,
1239 1942 1316 1972 nach
1340 1943 1554 1982 Aestraemn,
1579 1942 1671 1973 einer

1007 1987 1103 2018 Stadt
1127 1985 1376 2024 Macedoniens,
1401 1987 1599 2018 vermuthet.
1627 2004 1667 2008 -—

1003 2031 1174 2069 celebrem,
1183 2031 1249 2061 viel
1260 2031 1472 2072 besprochcn,
1483 2031 1669 2071 allgemein.

1003 2094 1047 2098 -—
1070 2075 1116 2106 ad
1135 2074 1286 2116 Sicyon„
1311 2086 1338 2106 c.
1362 2076 1420 2116 31,
1444 2075 1469 2106 1.
1495 2093 1536 2097 —
1555 2085 1669 2116 cornu,

1004 2121 1054 2150 ein
1086 2120 1289 2150 besonderer
1306 2119 1458 2151 Zierrath
1477 2131 1526 2151 am
1546 2120 1669 2159 Helme,

1003 2164 1066 2195 wie
1084 2164 1136 2194 ihn
1152 2165 1232 2194 auch
1252 2164 1411 2206 Pyrrhus,
1430 2164 1556 2198 s.P1ut.
1573 2165 1668 2209 Pyrr.

1008 2209 1061 2240 11:
1094 2211 1170 2244 τοῖς
1199 2212 1387 2252 τραγικοῖς
1407 2210 1574 2253 κέρασιν,
1605 2211 1669 2242 und

1003 2255 1124 2284 andere
1149 2253 1350 2294 Na‹·hf01ge1·
1373 2255 1581 2286 Alexanders
1611 2257 1668 2287 des

1005 2298 1062 2330 Gr.
1081 2310 1121 2330 zu
1141 2304 1254 2338 tragen
1276 2302 1425 2341 pflegten,
1445 2300 1526 2331 Plin.
1546 2300 1595 2340 10,
1614 2300 1667 2341 43,

1004 2344 1057 2382 (io,
1080 2344 1158 2375 124:
1182 2355 1299 2376 corvos
1316 2345 1497 2376 insidentes
1513 2347 1667 2378 cornicu-

1004 2389 1056 2420 [ι’-ς.
1080 2406 1124 2411 ——
1149 2401 1193 2421 ea*
1219 2391 1318 2430 Acti„
1345 2391 1405 2421 soll
1424 2401 1464 2421 zu
1480 2392 1667 2433 profectib-

1002 2445 1077 2465 ‘nem
1096 2445 1241 2474 gezogen
1268 2436 1411 2466 werden.
1432 2453 1475 2458 —
1492 2438 1595 2477 regis,
1614 2436 1665 2467 dic

1004 2479 1266 2519 wiederholung
1292 2481 1349 2512 des
1380 2479 1517 2511 wortes
1548 2481 1610 2511 wie
1639 2491 1672 2512 c-

1004 2524 1062 2561 32,
1089 2525 1118 2555 4.
1144 2543 1187 2547 —
1211 2527 1395 2566 Aeginam,
1422 2526 1473 2556 die
1494 2535 1665 2565 grausame

1004 2569 1212 2609 Beliandlung
1235 2571 1293 2601 der
1313 2571 1492 2601 Bewohner
1515 2571 1578 2601 und
1603 2571 1664 2601 deu

1002 2612 1317 2646 Verkausderlnscl
1331 2626 1370 2647 an
1382 2615 1514 2647 Attalus
1530 2615 1665 2646 beriihrt

1001 2657 1116 2701 Polyb.
1140 2659 1188 2698 11,
1208 2660 1226 2690 5
1247 2661 1309 2700 (ti),
1328 2660 1382 2700 23,
1401 2660 1430 2691 8.
1450 2678 1493 2682 —
1512 2659 1664 2692 Messene

1707 857 1768 890 10·

1705 1137 1765 1170 15ηἸ

1701 1419 1763 1451 2οπ
