1784 2967
738 188 747 203 l

121 241 146 258 a.
163 213 291 259 0111213.
584 223 709 256 LIBER
725 224 854 258 xxtv.
889 226 981 260 CAP.
1000 227 1053 260 47.
1464 228 1517 269 99

119 326 253 378 Arpini
273 326 343 365 tria
364 326 465 366 milia
485 327 690 366 hominum
711 327 922 366 armabant.
962 342 1030 368 eos
1047 329 1195 380 primos
1211 329 1342 377 Poeni,
1362 342 1412 370 ne
1429 330 1520 383 quid

120 383 166 422 ab
192 389 300 434 tergo
327 383 474 422 fraudis
500 389 621 432 esset,
649 384 752 423 hosti
774 391 1055 435 opposuerunt.
1096 392 1310 437 pugnatum
1332 387 1458 438 primo
1480 388 1519 427 in

119 440 288 479 tenebris
311 441 558 492 augustisque
577 441 647 480 viis
669 446 740 480 est.
781 454 867 480 cum
891 441 1054 481 Romani
1076 455 1156 482 non
1176 443 1254 483 vias
1275 449 1425 483 tantum
1449 445 1518 484 sed

119 501 217 536 tecta
240 496 353 536 etiam
374 498 550 549 proxima
570 504 705 549 portae
726 504 993 549 occupassent,
1017 510 1065 537 ne
1086 500 1162 550 peti
1184 513 1349 551 superne
1370 514 1414 540 ac
1436 501 1519 541 vol-

119 554 246 593 nerari
281 560 461 605 possent,
497 555 640 605 cogniti
676 555 775 593 inter
812 568 852 594 se
879 555 1030 606 quidam
1059 555 1265 607 Arpinique
1293 563 1330 596 et
1356 558 1519 597 Romani

118 615 231 663 atque
251 610 341 650 inde
362 611 565 662 conloquia
588 617 724 663 coepta
746 612 825 650 fieri
847 613 1188 663 percunctantibus
1206 614 1405 660 Romanis,
1429 615 1519 665 quid
1549 646 1555 653 .

118 667 191 706 sibi
210 668 346 706 vellent
365 668 512 719 Arpini,
535 681 648 721 quam
672 669 722 707 ob
740 680 880 707 noxam
898 668 1176 715 Romanorum,
1197 675 1261 708 aut.
1283 671 1385 721 quod
1402 672 1520 710 meri-

117 730 199 763 tum
216 724 437 764 Poenorum
448 737 524 792 pro
547 725 767 777 alienigenis
784 738 828 765 ac
842 725 1015 765 barbaris
1032 725 1149 764 Italici
1171 725 1353 765 adversus
1375 733 1520 767 veteres

119 781 248 820 socios
270 781 471 820 Romanos
501 782 642 821 bellum
670 788 845 834 gererent
871 788 907 822 et
928 782 1149 833 vectigalem
1170 796 1213 822 ac
1235 783 1520 833 stipendiariam

117 838 261 877 Italiam
290 838 438 878 Africae
464 839 655 878 facerent:
693 839 847 891 Arpinis
875 839 1132 891 purgantibus
1160 840 1317 890 ignaros
1347 841 1519 880 omnium

119 907 160 934 se
175 907 316 934 venum
334 908 354 934 a
370 895 611 947 principibus
630 896 740 935 datos
757 897 904 944 Poeno,
929 901 1061 947 captos
1080 909 1370 949 oppressosque
1387 910 1406 936 a
1423 910 1519 949 pau-

117 951 171 991 cis
199 965 297 991 esse.
345 952 452 991 initio
482 958 569 992 orto
600 953 728 1004 plures
758 966 845 992 curn
874 953 1048 1005 pluribus
1081 953 1281 1005 conloqui,
1316 959 1516 1005 postremo

115 1014 273 1060 praetor
288 1009 458 1060 ArpInus
481 1010 526 1049 ab
544 1010 624 1049 suis
643 1011 689 1049 ad
707 1010 905 1049 consulem
924 1011 1125 1057 deductus,
1147 1010 1299 1062 fideque
1317 1012 1402 1050 data
1419 1011 1521 1050 inter

117 1066 224 1117 signa
252 1066 428 1117 aciesque
454 1066 588 1118 Arpini
615 1072 776 1118 repente
803 1080 874 1118 pro
902 1067 1088 1106 Romanis
1117 1067 1298 1106 adversus
1321 1067 1519 1118 Carthagi-

119 1122 294 1161 niensem
310 1135 416 1162 arma
431 1129 638 1163 verterunt.
664 1124 825 1175 Hispani
841 1137 1006 1176 quoque,
1024 1123 1138 1175 paulo
1156 1125 1285 1163 minus
1301 1137 1328 1163 M
1342 1125 1521 1164 homines

118 1179 213 1219 nihil
232 1185 428 1230 praeterea
449 1193 534 1219 cum
558 1180 716 1220 consule
736 1182 850 1232 pacti,
878 1194 994 1233 quan}
1014 1186 1056 1219 ut
1078 1181 1159 1219 sine
1179 1181 1313 1220 fraude
1330 1181 1519 1221 Punicum

117 1236 355 1276 emitteretur
380 1237 636 1288 praesidium,
663 1238 709 1276 ad
738 1238 938 1277 consulem
965 1238 1245 1277 transtulerunt
1266 1238 1385 1289 signa.
1427 1238 1519 1278 Car-

117 1293 423 1344 thaginiensibus
450 1299 584 1345 portae
613 1294 821 1346 patefactae
849 1295 1057 1346 emissique
1089 1307 1176 1334 cum
1208 1295 1282 1334 lide
1309 1295 1520 1335 incolumes

117 1452 159 1474 zu
177 1441 308 1483 stellen,
325 1442 496 1474 vielleicht
513 1443 613 1475 schon
631 1444 679 1475 als
694 1444 781 1476 Bun-

117 1488 341 1528 desgenossen
377 1488 436 1519 der
463 1487 582 1520 Ro'mer
610 1490 691 1521 nach
723 1490 782 1521 der

117 1533 415 1573 Bundesmatrikel,
440 1533 509 1573 vgl.
534 1533 586 1575 23,
612 1534 642 1576 5,
670 1535 720 1567 15.
737 1553 782 1558 —

117 1580 280 1618 tenebris,
312 1579 343 1610 in
376 1579 436 1611 der
467 1579 705 1621 Diimnierung,
738 1581 782 1612 ist

118 1624 198 1655 nach
223 1624 241 1665 ξ
262 1624 276 1655 1
296 1625 362 1656 und
385 1635 411 1656 c.
432 1624 486 1666 46,
507 1625 524 1655 7
548 1636 590 1656 zu
614 1626 781 1658 erkliiren.

117 1687 162 1692 --
177 1679 251 1701 cum
269 1669 367 1702 Rom.
386 1674 462 1709 etc„
481 1671 585 1702 davor
603 1672 657 1711 ist,
676 1676 780 1703 etwas

117 1715 201 1754 hart,
227 1715 284 1746 das
305 1717 417 1759 primo
440 1717 700 1758 entsprechende
726 1717 783 1749 de-

116 1759 193 1791 inde
204 1761 594 1800 weggetassen.—2·nter
606 1773 652 1803 se,
669 1763 716 1794 sie
731 1773 783 1794 er-

118 1805 262 1836 kannten
280 1806 349 1836 sich
367 1807 398 1837 in
418 1807 478 1838 den
497 1807 646 1838 Hiiusern
666 1813 783 1839 unter-

119 1850 286 1889 einander,
309 1851 348 1881 da
363 1851 410 1882 sie
425 1851 540 1883 sriilier
552 1853 610 1884 mit
628 1853 784 1884 einander

118 1895 252 1935 gedient
277 1896 358 1927 oder
388 1901 482 1928 sonst
512 1898 541 1928 in
567 1897 784 1938 Verbindung

117 1941 297 1981 gestanden
317 1941 442 1981 hatten,
456 1943 523 1982 vgl.
543 1953 569 1974 c.
592 1942 713 1983 16,11:
731 1945 782 1975 in*

118 1988 169 2018 ter
185 1997 222 2018 se
239 1986 410 2030 conpleaei,·
430 1987 480 2027 10,
503 1988 552 2028 19,
574 1988 631 2027 163
653 1989 707 2028 44,
727 1989 780 2029 25,

118 2030 174 2062 12:
204 2033 290 2064 inter
311 2043 348 2063 se
371 2034 506 2076 captati.
531 2051 575 2056 —
597 2033 677 2076 quid
693 2046 722 2065 s.
739 2045 779 2076 12,

116 2086 185 2108 was
204 2077 252 2109 sie
269 2077 363 2109 dahei
380 2076 434 2109 fiir
455 2079 528 2110 eine
547 2078 684 2111 Absicht
708 2080 781 2112 hitt-

117 2126 184 2161 ten,
203 2133 298 2154 wozu
317 2123 364 2154 sie
383 2124 440 2155 das
458 2124 585 2156 tbiiten.

161 2167 272 2200 5—·6.
305 2171 367 2200 aut
387 2169 487 2210 qaod,
519 2170 576 2202 das
601 2171 671 2202 hds.
693 2170 782 2213 quod

116 2216 178 2245 aut
199 2213 242 2245 ist
260 2214 454 2246 schwerlieh
472 2215 601 2256 richtig,
627 2216 678 2247 die
699 2216 779 2248 Pr‘a'-

116 2259 258 2301 position
277 2260 359 2291 wird
378 2260 457 2291 nach
477 2263 539 2292 aut
562 2261 650 2293 nicht
667 2262 781 2294 iinmer

116 2305 336 2343 wiederholtg·
356 2315 381 2336 s.
396 2305 448 2345 39,
469 2305 521 2345 34,
540 2306 577 2346 33
604 2306 649 2338 ad
669 2318 706 2339 se
722 2311 782 2340 aut

116 2361 332 2392 quemqnam,
352 2349 382 2391 6,
402 2350 454 2391 20,
472 2350 529 2391 13;
549 2362 586 2383 50
601 2353 676 2384 dass
691 2353 781 2384 nicht

117 2396 232 2436 no'thig
248 2396 300 2435 ist,
319 2396 377 2427 mit
395 2396 538 2437 Doering
556 2401 617 2430 adt
636 2398 724 2440 quod
740 2399 780 2430 ob

117 2451 158 2472 zu
181 2441 363 2473 sehreiben.
390 2459 435 2464 —
456 2441 589 2485 aliem'g.
613 2453 651 2475 ac
675 2445 780 2482 barb„

116 2486 224 2518 dieses
243 2487 320 2527 geht
336 2486 396 2518 auf
409 2487 459 2518 die
475 2487 594 2527 Sitten,
609 2488 707 2530 jenes
725 2488 785 2520 auf

116 2532 177 2563 den
202 2532 384 2574 Ursprung,
412 2533 479 2573 vgl.
508 2532 560 2574 23,
585 2534 616 2573 5,
642 2534 698 2572 11;
726 2534 780 2575 31,

116 2576 170 2617 29,
187 2577 238 2610 15.
255 2596 300 2600 —
315 2579 433 2619 vec-lig.
446 2588 477 2610 a.
492 2581 547 2618 31,,
567 2589 649 2619 ganz
667 2584 782 2611 unter-

115 2621 259 2661 worfen‚
283 2623 461 2664 abhiiugig,
489 2634 515 2655 s.
535 2624 588 2665 21,
607 2624 661 2661 41,
683 2625 713 2657 7.
737 2643 781 2648 —

115 2669 360 2710 purg-antibus,
402 2678 462 2700 zur
496 2669 781 2711 Entsehuldigung

855 1445 1092 1486 vorbrachten,
1117 1444 1193 1475 dass
1212 1454 1242 1475 u.
1261 1454 1287 1475 s.
1305 1453 1358 1485 w.,
1377 1444 1435 1476 das
1453 1443 1520 1476 Ob-

850 1490 922 1531 ject
944 1490 1026 1530 liegt
1052 1490 1082 1520 in
1101 1490 1172 1521 dem
1189 1500 1258 1521 acc.
1277 1500 1305 1521 c.
1324 1488 1396 1529 inf.,
1421 1500 1448 1521 s.
1468 1489 1519 1532 34,

855 1536 885 1575 5,
906 1535 965 1566 11.-
982 1535 1067 1567 rzc'lzil
1081 1536 1306 1577 norisactum
1318 1545 1462 1578 pagare.
1476 1553 1521 1558 --

853 1592 971 1613 venum
999 1592 1030 1613 α.
1051 1591 1105 1624 pr.
1131 1580 1171 1622 cl„
1200 1581 1406 1621 gewo'hnlich
1431 1581 1521 1612 steht

854 1637 971 1659 remma
991 1627 1072 1658 dare
1089 1636 1292 1665 zusaminen3
1320 1627 1400 1657 doch
1419 1626 1520 1657 findet.

855 1673 922 1704 sicli
940 1674 1020 1704 auch
1039 1672 1090 1704 bei
1116 1671 1196 1703 Sall.
1220 1672 1318 1712 Frag.
1342 1672 1368 1711 1,
1387 1671 1440 1711 49,
1462 1671 1517 1703 17:

852 1717 1016 1761 praedam,
1032 1728 1150 1750 venum
1168 1720 1228 1749 aut
1244 1717 1329 1749 dono
1349 1717 1474 1749 dolam.

901 1763 1036 1794 ἰ’-11.
1064 1764 1160 1794 inicio
1181 1773 1220 1803 o.,
1240 1773 1265 1794 s.
1284 1761 1387 1804 praef.
1408 1763 1460 1794 12.
1476 1781 1520 1785 —

852 1808 968 1852 plures
986 1818 1013 1839 ο.
1030 1808 1086 1851 pl,
1105 1808 1287 1849 „sprachen
1302 1809 1416 1839 immer
1428 1809 1519 1840 meh-

855 1863 931 1884 rere
950 1854 1008 1885 mit
1025 1853 1218 1884 einander.“
1233 1871 1277 1876 —
1291 1856 1440 1897 praetor,
1467 1854 1519 1885 die

855 1899 1046 1941 apulischen
1065 1898 1200 1930 Staaten
1226 1909 1347 1930 waren'
1364 1909 1428 1930 von
1452 1900 1522 1931 ein-

855 1945 958 1976 ander
973 1948 1128 1982 getrennt
1141 1944 1205 1975 und
1219 1945 1331 1976 hatten
1347 1945 1416 1976 ihre
1431 1945 1520 1985 eige-

856 2000 919 2021 nen
944 1990 1177 2030 Obrigkeiten,
1201 1999 1228 2021 s.
1253 1990 1399 2022 Niebuhr
1421 1989 1459 2021 R.
1479 1989 1519 2022 G.

853 2035 884 2076 3,
911 2034 993 2074 3273
1032 2036 1154 2066 eberiso
1183 2036 1318 2067 werden
1349 2035 1379 2074 8,
1405 2035 1459 2076 39,
1481 2035 1519 2066 12

850 2083 1028 2124 praetores
1044 2080 1261 2121 Samm'z'z'zcm,
1277 2080 1390 2120 25,16‚
1403 2080 1442 2111 lo
1461 2081 1521 2112 der

851 2126 1005 2158 Lucaner
1034 2127 1202 2167 erwhihnt,
1231 2126 1299 2167 vgl.
1326 2125 1379 2165 23,
1406 2125 1458 2166 19,
1482 2126 1519 2165 83

853 2171 906 2213 26,
929 2172 978 2211 15,
1000 2172 1029 2203 7.
1049 2191 1092 2194 —
1107 2182 1172 2215 pro
1189 2171 1296 2213 Rom.,
1317 2183 1378 2202 rou
1398 2171 1469 2202 dem
1486 2171 1517 2202 in

852 2228 950 2249 arma
967 2220 1139 2250 verterunt
1157 2215 1278 2257 (woffir
1296 2217 1384 2248 vie-ll.
1395 2218 1522 2248 armate?

853 2274 890 2294 se
906 2266 988 2295 vert.
1009 2274 1050 2294 zu
1068 2264 1162 2294 lesen
1180 2263 1232 2302 ist,
1253 2263 1294 2293 da
1312 2263 1351 2293 ‹la
1370 2262 1428 2293 der
1445 2261 1518 2293 Put.

852 2311 1167 2341 armaseverterunt
1182 2309 1248 2348 hat)
1269 2307 1440 2348 liegenden
1459 2306 1502 2338 Be

852 2353 962 2395 griffe:
983 2352 1132 2396 kiimpfen
1148 2353 1320 2393 abhiingig,
1339 2353 1406 2392 vgl.
1421 2361 1520 2384 arma
1562 2381 1566 2387 ,

852 2409 988 2431 sumere
1003 2410 1065 2443 pro
1084 2399 1137 2437 21,
1158 2399 1210 2439 20,
1229 2399 1266 2435 ὃς
1286 2397 1339 2435 31,
1358 2397 1410 2436 29,
1431 2398 1460 2428 5.
1474 2415 1519 2420 ——

855 2444 1025 2486 Carthagn,
1051 2455 1077 2477 s.
1096 2456 1124 2476 c.
1150 2444 1204 2483 48,
1231 2443 1290 2481 123
1316 2441 1369 2481 28,
1404 2442 1458 2482 44,
1477 2442 1516 2481 5;

853 2490 885 2530 9,
903 2490 957 2531 41,
976 2486 993 2521 5
1013 2501 1043 2522 u.
1064 2501 1093 2521 a.
1122 2508 1165 2512 —
1192 2499 1292 2530 quam
1322 2488 1411 2519 steht
1437 2488 1516 2519 nach

851 2539 1029 2579 praeterea
1042 2535 1104 2566 wie
1119 2535 1198 2565 nach
1212 2533 1312 2572 ultra,
1326 2543 1441 2576 supra,
1457 2544 1517 2577 po—

854 2584 928 2613 stoa
956 2592 987 2612 u.
1018 2591 1064 2612 a.:
1094 2580 1198 2611 niehts
1228 2579 1348 2610 weiter
1374 2579 1435 2616 als,
1458 2589 1515 2618 ge-

855 2626 1057 2658 w'ohnlicher
1075 2626 1118 2656 ist
1133 2627 1370 2667 praeterquam
1383 2624 1442 2656 mit
1454 2623 1518 2655 fol-

854 2672 990 2711 genden)
1009 2669 1105 2712 quod,
1124 2670 1190 2709 vgl.
1205 2680 1232 2701 c.
1248 2669 1342 2705 4931.
1359 2687 1402 2692 -—
1418 2671 1517 2713 pacti,

1210 2726 1252 2757 ἶ*
