1784 2967
702 260 828 292 LIBER
852 259 969 292 XXX.
1019 259 1113 292 CAP.
1145 260 1175 291 7.
1203 259 1235 291 8.
1535 276 1560 293 a,
1577 275 1605 293 u.
1618 268 1680 294 551.

273 268 354 308 338

201 374 242 406 10
271 374 340 408 ret.
383 378 492 418 spem
517 374 672 415 quoque
693 366 917 414 opportune
934 361 1100 401 oblatam
1117 360 1339 400 adferebant
1353 361 1483 411 legati:
1501 365 1684 411 quattuor

269 425 386 464 millia
407 421 688 461 Celtiberorum
719 419 817 457 circa
842 418 980 457 urbem
1000 418 1160 457 nomine
1182 417 1351 463 Obbam,
1373 417 1420 456 ab
1443 416 1684 468 conquisito-

269 481 376 519 ribus
402 477 484 516 suis
507 476 698 515 conducta
719 475 758 513 in
781 475 981 526 Hispania,
1011 474 1183 526 egregiae
1203 473 1424 520 iuventutis,
1451 473 1523 512 sibi
1546 485 1685 512 occur—

269 537 384 581 risse,
417 538 454 572 et
474 532 759 572 Hasdrubalem
787 544 912 583 prope
939 531 1039 570 diem
1068 531 1202 570 adfore
1234 543 1321 569 cum
1343 541 1461 568 manu
1482 529 1684 580 haudqua-

200 598 237 630 11
269 603 384 643 quam
414 588 708 628 contemnenda.
749 588 865 638 igitur
886 599 965 626 non
986 587 1150 637 benigne
1171 587 1289 625 modo
1310 586 1445 637 legatis
1466 585 1683 636 respondit,
1712 593 1732 624 5

270 647 337 686 sed
366 646 537 685 ostendit
564 645 677 683 etiam
699 644 985 683 multitudinem
1006 643 1215 694 agrestium
1238 643 1513 688 Numidarum,
1543 640 1683 692 quibus

269 716 339 755 per
366 702 525 741 eosdem
548 701 630 739 dies
652 713 757 739 arma
779 712 979 751 equosque
998 700 1186 746 dedisset,
1212 705 1249 738 et
1270 711 1426 737 omnem
1448 699 1684 736 iuventutem

201 766 240 797 12
270 759 448 799 adfirmat
470 770 515 796 ex
535 769 654 808 regno
677 757 912 795 exciturum:
930 755 1028 795 scire
1048 755 1240 802 incendio,
1261 767 1342 794 non
1364 754 1514 806 proelio
1538 754 1684 793 cladem

269 820 485 866 acceptam,
519 825 606 852 eum
633 813 733 851 bello
757 813 981 851 inferiorem
1009 824 1107 858 esse,
1129 811 1193 862 qui
1214 812 1332 850 armis
1354 811 1539 850 vincatur.
1588 811 1681 849 haec

199 876 239 909 13
267 871 403 922 legatis
440 881 647 920 responsa,
682 874 719 907 et
746 874 837 920 post
858 869 938 907 dies
966 880 1112 919 paucos
1127 880 1271 907 rursus
1295 867 1510 906 Hasdrubal
1539 872 1577 905 et
1606 867 1678 917 Sy·
1712 873 1753 905 10

269 929 369 979 phax
406 926 537 977 copias
570 925 790 964 iunxerunt.
837 925 870 963 is
900 924 1028 963 omnis
1057 925 1246 963 exercitus
1275 924 1347 963 fuit
1374 924 1532 974 triginta
1562 923 1684 962 ferme

270 984 385 1022 millia
408 987 661 1021 armatorum.

214 1039 242 1078 8
383 1039 626 1089 Scipionem,
648 1037 751 1076 velut
770 1037 846 1076 iam
868 1036 1067 1083 debellato,
1090 1036 1195 1087 quod
1217 1036 1263 1075 ad
1286 1035 1500 1086 Syphacem
1523 1033 1684 1073 Cartha-

269 1095 542 1146 giniensesque
573 1094 767 1141 attineret,
808 1093 937 1132 Uticae
969 1092 1255 1143 oppugnandae
1290 1092 1502 1136 intentum,
1534 1090 1686 1141 iamque

268 1151 469 1190 machinas
503 1150 774 1189 admoventem
811 1148 934 1187 muris
967 1149 1129 1188 advertit
1163 1148 1264 1187 fama
1296 1147 1546 1197 redintegrati
1577 1145 1682 1193 belli3
1715 1154 1754 1187 15

220 1215 240 1247 2
270 1207 511 1258 modicisque
540 1206 743 1257 praesidiis
771 1206 816 1244 ad
847 1207 1016 1256 speciem
1045 1205 1164 1244 modo
1195 1204 1409 1243 obsidionis
1436 1209 1537 1242 terra
1563 1202 1685 1241 mari-

220 1270 239 1301 3
270 1277 343 1315 que
364 1263 504 1302 relictis
526 1263 611 1313 ipse
633 1275 720 1301 cum
739 1262 879 1300 robore
896 1261 1086 1300 exercitus
1104 1261 1158 1300 ire
1174 1261 1219 1299 ad
1237 1261 1363 1299 hostis
1380 1259 1515 1311 pergit.
1556 1259 1683 1310 primo

269 1321 308 1359 in
338 1320 487 1358 tumulo
519 1323 703 1369 quattuor
731 1317 847 1356 millia
877 1318 999 1356 ferme
1026 1317 1192 1356 distante
1214 1316 1260 1356 ab
1292 1316 1427 1356 castris
1449 1315 1565 1366 regiis
1588 1326 1684 1353 con—

268 1376 387 1423 sedit,
409 1380 569 1426 postero
592 1375 652 1413 die
673 1386 761 1413 cum
782 1373 952 1425 equitatu
973 1374 1012 1412 in
1029 1386 1192 1424 magnos
1208 1372 1330 1411 —ita
1351 1377 1492 1411 vocant
1507 1394 1561 1400 —
1579 1383 1684 1409 cam-

267 1445 353 1483 pos,
376 1432 571 1470 subiectos
593 1431 625 1469 ei
646 1430 810 1476 tumulo,
833 1430 1041 1481 degressus
1065 1429 1308 1469 succedendo
1331 1429 1376 1468 ad
1399 1427 1587 1468 stationes
1608 1427 1682 1466 ho-
1712 1436 1755 1467 20

317 1521 469 1552 10—13.
494 1521 616 1563 legati,
635 1521 687 1552 die
705 1519 726 1562 ξ
745 1520 763 1551 8
782 1521 938 1551 erwiihn-

268 1571 335 1598 ten.
375 1566 465 1598 Obba
494 1567 539 1597 ist
568 1565 633 1595 wol
658 1565 805 1596 dieselbe
830 1565 938 1605 stadt,

268 1611 395 1643 welche
421 1611 536 1653 Polyb.
563 1609 655 1642 Abba
679 1614 795 1647 neunt,
817 1610 880 1641 wie
899 1609 936 1640 L.

267 1657 350 1687 auch
369 1660 463 1687 sonst
477 1654 525 1687 oft
539 1656 569 1686 in
585 1655 645 1686 der
658 1654 866 1694 Schreibung
880 1655 939 1685 der

267 1701 491 1741 Eigennainen
522 1711 584 1731 von
619 1699 735 1741 Polyb.
764 1699 938 1730 abweicht.

267 1746 326 1777 Bei
362 1747 486 1777 diesem
526 1745 696 1785 begegnen
728 1743 848 1784 jedoch
886 1744 937 1774 die

268 1790 398 1830 Iberer‚
423 1790 550 1821 welche
576 1790 656 1820 nach
676 1788 758 1819 Zon.
777 1799 827 1819 am
846 1787 937 1828 Tage

270 1837 351 1867 nach
370 1836 441 1866 dem
461 1835 588 1866 Brande
606 1835 665 1865 der
678 1833 785 1873 Lager
802 1833 937 1864 ankom-

268 1891 341 1912 men
366 1881 431 1911 und
456 1881 518 1911 den
542 1879 685 1911 Ro'mern
705 1878 852 1909 Schaden
878 1889 938 1909 zu-

267 1924 383 1966 fiigen,
411 1925 543 1967 Syphax
569 1925 693 1963 selbst,
722 1924 771 1954 als
797 1933 834 1954 er
858 1925 939 1955 nach

270 1971 362 2002 Abba
379 1971 578 2002 aui'brechen
598 1969 676 2009 will,
696 1969 759 1999 und
780 1969 850 1999 ihre
869 1968 938 1999 An-

269 2014 366 2046 kunft
382 2016 465 2046 wird
485 2016 564 2046 nach
580 2014 743 2053 Carthago
761 2013 937 2053 gemeldet.

270 2079 310 2082 —
329 2061 534 2091 nominabat
548 2060 584 2090 L.
601 2069 663 2090 von
679 2059 803 2089 seinein
818 2058 938 2089 Stand-

270 2105 395 2146 punkte
433 2115 492 2136 aus
531 2102 763 2143 liinzugefiigt,
803 2103 938 2145 Syphax

270 2150 378 2181 selbst
395 2159 465 2180 war
482 2151 530 2180 sie
549 2149 613 2179 wol
629 2148 785 2179 bekannt.
802 2167 843 2170 —
859 2158 938 2179 con-

269 2196 365 2237 quis„
381 2205 406 2226 s.
418 2195 471 2233 29,
488 2194 540 2233 35,
560 2194 608 2224 10.
621 2204 786 2235 —egregz
800 2194 938 2235 iurent„

269 2240 517 2279 nachtriigliche
532 2239 726 2281 Apposition
742 2249 781 2268 zu
798 2238 937 2270 Celtibe-

269 2295 407 2319 rorum:
428 2286 466 2316 da
481 2287 634 2316 iaz-entus
650 2283 865 2314 Collectivuni
882 2284 937 2323 ist,

270 2340 297 2360 s.
318 2330 371 2368 24,
391 2329 444 2366 32,
466 2332 495 2369 (ὃ,
513 2341 549 2360 so
569 2330 697 2360 scheint
714 2339 749 2359 es
768 2329 858 2359 nicht
877 2330 936 2359 ηδ-

271 2375 339 2414 thig
378 2375 550 2406 hominnm
590 2374 860 2405 dazuzudvnken.
892 2391 937 2395 —

269 2430 366 2450 arma
390 2430 455 2460 eq.,
481 2420 534 2458 24,
554 2419 606 2450 48.
626 2437 669 2441 —
687 2421 788 2457 scire,
814 2428 839 2449 s.
859 2418 884 2455 1,
905 2418 934 2456 9,

270 2464 301 2494 4.
331 2482 376 2486 —
402 2475 528 2506 paucos
557 2464 601 2502 d.,
631 2464 746 2503 Polyb.
777 2474 803 2494 c.
834 2463 869 2493 7:
900 2461 938 2494 ἓν

270 2504 422 2550 ἡμέραις
451 2507 646 2550 τριάκοντα
677 2509 761 2552 περὶ
786 2506 829 2538 τὰ
857 2510 937 2539 lille-

271 2551 364 2594 γάλα
395 2554 507 2584 πεδία
536 2551 744 2596 καλούμενα
768 2571 811 2575 -—
836 2562 938 2584 συνε-

272 2598 569 2638 στριιῑοηείΥευον
618 2601 680 2636 (dic
744 2598 938 2637 Cnrthagcr)

274 2638 369 2682 ὁμοῦ
388 2645 464 2678 τοῖς
478 2646 629 2684 Nepam
646 2643 795 2677 καὶτοῖς
811 2644 937 2674 Kams-

271 2688 402 2727 βηρσιν
416 2684 517 2722 ὄντες
530 2686 595 2719 οὐκ
609 2685 778 2722 ἐλάττους
792 2688 828 2718 οἱ
842 2684 937 2719 πάν-

975 2264 979 2267 .
1009 2249 1056 2269 se.
1075 2256 1117 2259 —
1133 2239 1270 2279 mariq„

1012 1530 1069 1555 τες
1092 1521 1332 1564 τρισμυρίων.
1357 1519 1499 1559 ——suz't
1520 1537 1560 1541 —
1579 1517 1684 1549 millia

1010 1576 1078 1597 atu:
1104 1567 1232 1596 machte
1256 1574 1333 1603 aus,
1358 1563 1496 1594 hestand
1514 1573 1591 1601 aus,
1617 1563 1684 1603 vgl.

1013 1610 1042 1650 1,
1058 1609 1109 1651 35,
1125 1610 1160 1640 9:
1180 1608 1431 1649 ludicrumsuz't
1445 1610 1521 1650 equi
1529 1607 1684 1651 pugiles—

1011 1665 1090 1697 que3
1115 1654 1167 1695 45,
1193 1653 1246 1693 39,
1271 1653 1323 1685 12:
1346 1663 1429 1696 pars
1453 1663 1520 1684 non
1543 1653 1682 1684 minima

1012 1699 1177 1741 triumphi
1192 1701 1244 1730 est
1257 1699 1413 1729 victimae
1426 1697 1680 1740 praecedentes,

1012 1744 1106 1775 Caes.
1128 1744 1161 1774 B.
1182 1742 1221 1774 G.
1241 1743 1267 1782 1,
1284 1743 1334 1784 29,
1356 1742 1391 1772 3:
1411 1752 1554 1784 quarum
1569 1751 1683 1774 rerum

1010 1799 1146 1820 summa
1192 1790 1267 1820 erat
1307 1789 1454 1831 capitum
1493 1805 1537 1810 —
1576 1787 1682 1818 millia

1013 1832 1196 1871 CCLXHI;
1223 1832 1471 1873 gewo'hnlicher
1493 1832 1583 1863 wiire
1605 1831 1682 1863 mil-

1010 1878 1103 1918 lium,
1122 1878 1266 1909 welches
1287 1878 1358 1909 hier
1375 1877 1548 1909 vielleicht
1565 1886 1679 1917 wegen

1011 1926 1227 1956 armatorum
1250 1923 1420 1963 gemieden
1447 1923 1508 1961 ist3
1533 1922 1601 1962 vgl.
1625 1921 1679 1962 21,

1014 1969 1066 2007 15,
1097 1969 1135 2005 23
1165 1967 1281 1999 lustin.
1309 1967 1339 2006 9,
1365 1967 1396 2007 5,
1421 1967 1458 1999 6:
1486 1977 1682 1999 summa—

1011 2013 1154 2045 ducenta
1171 2013 1263 2044 mz'lc'a
1276 2012 1565 2055 pede'tamseter33
1584 2011 1679 2043 Caes.

1011 2059 1034 2090 l.
1054 2058 1074 2089 l.
1093 2057 1114 2099 ξ
1133 2057 1164 2088 3.

1054 2096 1095 2134 S.
1124 2102 1232 2133 1—4.
1259 2101 1407 2144 qnod—
1424 2102 1602 2142 attineret,
1628 2100 1680 2141 23,

1009 2147 1064 2187 25,
1079 2147 1110 2178 4.
1123 2146 1376 2186 —admot·ent.,
1392 2147 1442 2177 dic
1460 2146 1591 2177 Diiinme
1607 2146 1678 2176 sind

1009 2193 1136 2224 bereits
1161 2192 1342 2223 vollcndet.
1363 2210 1405 2213 —
1424 2190 1571 2222 advertit
1589 2201 1618 2222 n.
1637 2190 1683 2222 ad

1295 2236 1468 2268 vielleicht
1486 2236 1549 2267 soll
1568 2246 1607 2266 an
1627 2236 1679 2267 die

1010 2283 1169 2314 Soldaten
1208 2281 1267 2313 auf
1300 2283 1360 2313 der
1393 2281 1506 2312 Fiotte
1540 2281 1681 2320 gedacht

1010 2328 1163 2365 werden,
1182 2328 1265 2358 denn
1285 2327 1376 2358 diese
1396 2327 1502 2357 selbst
1520 2326 1606 2356 blieb
1624 2323 1683 2356 auf

1011 2374 1113 2404 ihreni
1140 2373 1272 2413 i'osten,
1300 2382 1326 2402 s.
1353 2372 1468 2413 Polyb.
1489 2381 1515 2402 c.
1534 2371 1569 2402 8:
1595 2379 1680 2402 συν-

1010 2415 1118 2455 τάξας
1140 2419 1217 2452 τοῖς
1241 2416 1481 2460 πολιορκοῦσι
1505 2413 1570 2456 τὴν
1591 2412 1680 2446 Ἰτύ-

1011 2473 1076 2502 κην
1100 2458 1121 2493 fc*
1147 2461 1234 2493 δέον
1258 2457 1300 2501 ἦν
1325 2458 1503 2505 πράττειν
1525 2460 1680 2495 καὶτοῖς

1011 2504 1102 2538 κατὰ
1142 2505 1342 2538 θάλατταν.
1382 2525 1426 2528 —-
1458 2515 1604 2546 magnos
1635 2522 1680 2527 -

1012 2563 1132 2594 camp..
1159 2563 1185 2583 s.
1210 2563 1250 2582 zu
1275 2562 1303 2582 c.
1327 2552 1357 2590 7,
1382 2550 1439 2587 13;
1473 2550 1539 2580 Cic.
1565 2549 1622 2580 Or.
1647 2548 1678 2589 3,

1012 2598 1065 2638 42,
1088 2597 1164 2628 167:
1191 2600 1293 2628 testes
1316 2598 1397 2627 sunt
1420 2597 1530 2637 campi
1549 2595 1677 2635 magni,

1011 2652 1070 2673 aus
1101 2642 1225 2672 Ennius
1255 2652 1280 2671 s.
1312 2640 1437 2671 Vahlen
1463 2650 1493 2680 p.
1522 2639 1600 2676 1573
1628 2639 1677 2668 sie

1012 2688 1086 2718 siud
1102 2687 1204 2718 wolin
1216 2685 1373 2718 (ΙοΓΝέἰὶιθ
1383 2686 1440 2716 des
1452 2684 1617 2724 Bagradas
1635 2692 1676 2713 zu
