1784 2967
250 263 274 299 4
726 260 851 293 LIBER
869 259 995 293 XXIV.
1028 259 1121 292 CAP.
1143 260 1170 291 1.

201 374 222 405 4
249 362 398 413 telaque
419 362 459 401 in
486 363 774 413 propugnacula
802 374 1009 414 congerere
1041 360 1290 411 cogebantur.

1501 277 1526 294 a.
1542 277 1571 294 u.
1587 269 1650 296 539.

1346 361 1386 400 in
1421 362 1650 412 permixtam

251 419 426 458 omnium
469 419 650 458 aetatium
694 420 951 470 ordinumque
985 417 1268 456 multitudinem
1306 424 1342 456 et
1376 423 1575 468 vagantem
1611 419 1650 457 in

250 475 351 526 agris
387 487 522 526 magna
556 489 599 514 ex
633 482 740 527 parte
767 476 952 515 inermem
979 473 1170 513 Hamilcar
1195 474 1349 514 Poenus
1377 475 1523 526 equites
1552 476 1649 514 emi-

250 532 319 581 sit,
342 532 418 583 qui,
440 532 579 571 violare
600 545 830 584 quemquam
852 531 967 577 vetiti,
990 536 1139 569 tantum
1161 536 1204 570 ut
1225 531 1271 570 ab
1292 531 1387 570 urbe
1408 531 1650 571 excluderent

201 600 220 632 5
248 588 337 640 fuga
358 588 580 640 dissipatos,
602 595 750 628 turmas
774 589 959 627 obiecere.
1002 587 1077 626 dux
1100 586 1182 638 ipse
1202 588 1288 627 loco
1307 588 1507 639 superiore
1524 594 1648 639 capto,

249 646 352 684 unde
375 658 487 696 agros
510 646 644 684 urbem
668 645 792 696 possit
811 644 1050 695 conspicere,
1073 643 1311 684 Bruttiorum
1329 645 1529 683 cohortem
1547 645 1650 683 adire

248 714 383 741 muros
411 707 524 753 atque
550 714 686 740 vocare
708 701 902 753 principes
925 700 1178 739 Locrensium
1200 701 1246 740 ad
1269 702 1517 753 conloquium
1538 701 1651 740 iussit

249 765 286 798 et
312 758 538 810 pollicentes
566 758 769 797 amicitiam
797 757 1017 796 Hannibalis
1047 757 1241 796 adhortari
1269 759 1315 797 ad
1338 758 1473 797 urbem
1495 758 1649 797 traden-

201 827 220 859 6
249 816 349 854 dam.
398 815 556 853 Bruttiis
584 815 621 852 in
651 814 854 865 conloquio
883 814 1024 853 nullius
1052 814 1106 852 rei
1127 815 1253 865 primo
1276 815 1370 853 fides
1392 820 1467 862 est3
1499 815 1647 861 deinde,

248 878 290 911 ut
306 872 459 911 Poenus
483 871 660 922 apparuit
680 872 719 909 in
741 870 910 917 8011111115,
933 876 969 909 et
985 871 1216 921 refugientes
1234 871 1343 922 pauci
1360 871 1470 910 aliam
1490 884 1647 910 omnem

248 928 532 968 multitudinem
566 928 604 966 in
636 932 826 978 potestate
853 927 1026 966 hostium
1053 940 1137 966 esse
1165 928 1401 975 adferebant,
1435 934 1516 967 tum
1544 933 1648 967 metu

201 992 217 1023 7
249 985 338 1024 victi
361 984 605 1024 consulturos
628 997 668 1023 se
690 984 879 1035 populum
896 984 1196 1036 responderunt.
1229 985 1486 1036 advocataque
1502 990 1647 1024 extem-

248 1042 311 1093 plo
341 1042 521 1081 contione
556 1053 641 1080 cuin
668 1047 704 1080 et
738 1040 955 1080 levissimus
993 1040 1156 1092 quisque
1192 1053 1313 1080 novas
1345 1054 1406 1080 res
1433 1053 1650 1093 novamque

249 1098 471 1138 societatem
494 1098 666 1143 mallent,
695 1102 732 1136 et
753 1110 919 1149 quorum
940 1098 1150 1149 propinqui
1172 1103 1274 1136 extra
1296 1097 1431 1137 urbem
1453 1098 1647 1137 interclusi

249 1155 295 1194 ab
322 1154 499 1194 hostibus
529 1160 637 1193 erant
658 1154 757 1193 velut
778 1154 980 1194 obsidibus
998 1154 1094 1193 datis
1116 1154 1339 1205 pigneratos
1360 1154 1544 1194 haberent
1564 1154 1646 1193 ani-

201 1227 219 1258 8
248 1224 353 1259 mos,
379 1211 491 1263 pauci
520 1212 640 1261 magis
662 1211 763 1250 taciti
785 1211 996 1261 probarent
1017 1216 1258 1250 constantem
1280 1211 1395 1250 fidem
1417 1224 1531 1263 quam
1552 1224 1648 1263 pro-

247 1268 375 1307 batam
401 1267 500 1307 tueri
533 1268 734 1313 auderent,
767 1268 868 1306 haud
903 1268 1018 1307 dubio
1046 1268 1084 1306 in
1113 1267 1281 1319 speciem
1309 1280 1506 1307 consensu
1534 1268 1575 1306 fit
1601 1267 1647 1307 ad

199 1343 218 1374 9
249 1325 403 1364 Poenos
417 1324 570 1364 deditio.
600 1324 641 1363 L.
656 1324 765 1363 Atilio
783 1324 975 1376 praefecto
992 1325 1173 1376 praesidii
1186 1324 1325 1376 quique
1342 1337 1429 1364 cum
1447 1337 1492 1363 eo
1511 1324 1648 1363 milites

249 1445 292 1450 —
308 1425 574 1471 propugnacula,
594 1426 645 1466 23,
667 1425 715 1465 18,
730 1426 760 1458 9.
778 1445 821 1448 —

293 1472 403 1503 4—6.
440 1474 577 1513 vag-ant.
602 1490 645 1494 —-
667 1473 802 1513 inerm„
828 1481 854 1502 s.
883 1471 910 1513 1,

249 1517 287 1549 21
302 1541 310 1557 ,
331 1517 358 1548 1.
378 1535 421 1539 -
437 1517 606 1549 Hamilcar
631 1517 759 1548 seheint
776 1517 826 1548 ein
846 1515 912 1548 Un-

249 1560 533 1594 terbesehlshabcr
551 1562 581 1592 in
601 1562 671 1593 dem
697 1561 799 1604 Corps
823 1562 912 1593 Han-

247 1618 310 1639 nos
328 1617 481 1647 gewesen
501 1617 541 1638 zu
559 1607 640 1638 sein.
655 1626 700 1629 —
717 1610 849 1639 tautum
864 1609 910 1647 ul,

249 1662 274 1684 s.
294 1652 346 1690 35,
369 1652 419 1691 11,
439 1653 475 1683 4:
498 1652 673 1696 pollicetur
695 1664 732 1684 se
749 1672 792 1675 —
809 1662 911 1695 erup-

249 1701 382 1737 turum,
401 1700 532 1729 tantum
547 1701 586 1730 ut
604 1698 745 1740 diceret,
771 1698 837 1738 vgl.
856 1697 910 1738 21,

251 1743 306 1782 19,
326 1743 361 1773 5;
390 1746 520 1775 tantum
542 1754 593 1775 ne.
618 1762 659 1765 ——
692 1746 824 1775 turmas
847 1743 910 1773 wie

248 1787 269 1829 ξ
292 1788 309 1819 5
329 1789 447 1820 cohors
461 1789 539 1819 nach
557 1789 737 1820 riiinischer
752 1788 911 1819 Bezeich-

248 1843 345 1873 nung.
368 1852 413 1856 —
434 1844 511 1875 agr.
541 1835 631 1875 urb„
657 1832 715 1873 21,
740 1833 799 1873 28,
818 1832 849 1865 2.
868 1851 912 1855 -

244 1880 365 1922 possit,
386 1878 438 1918 23,
458 1878 487 1917 2,
511 1878 559 1910 10.
580 1897 623 1902 —
643 1889 761 1910 vocare
779 1879 838 1910 wie
857 1878 911 1918 25,

251 1923 301 1962 18,
322 1925 359 1963 53
386 1934 502 1955 vocare
518 1925 551 1955 in
568 1927 722 1955 senalum
739 1934 769 1955 u.
788 1924 834 1963 ii„
853 1933 910 1964 ge-

247 1969 452 2000 wb'linlicher
470 1970 512 2000 ist
537 1980 690 2007 erocare;
716 1968 775 2007 30,
798 1968 852 2010 12,
871 1968 909 2007 8;

249 2013 304 2051 21,
323 2013 375 2052 25,
396 2014 424 2044 7.
442 2032 485 2036 —
501 2013 702 2056 pollicentes,
722 2024 747 2044 s.
764 2013 793 2053 2,
816 2014 864 2055 14,
880 2013 910 2054 8,

248 2058 315 2098 vgl.
339 2058 359 2100 ξ
390 2058 424 2089 7:
456 2058 610 2098 mallen&
648 2058 706 2097 28,
731 2058 789 2098 43,
815 2058 845 2090 6.
867 2076 911 2081 -

248 2102 411 2145 adsereb„
431 2103 544 2134 immer
558 2114 619 2134 von
634 2103 768 2144 Neucm,
788 2104 829 2134 im
845 2102 911 2135 Ge-

248 2153 406 2189 gensatze
425 2159 464 2179 zu
481 2147 658 2191 adparuit,
677 2159 702 2179 s.
721 2159 762 2179 zu
780 2148 810 2189 2,
826 2149 853 2191 7,
870 2148 909 2188 33

249 2192 303 2233 23,
325 2193 373 2235 18,
393 2194 429 2231 ὃς
457 2192 509 2233 35,
528 2193 580 2234 38,
600 2193 636 2224 2:
660 2197 836 2236 postquam
855 2204 910 2226 re·

249 2238 337 2270 sedit
361 2241 471 2270 terror
488 2241 521 2269 et
534 2238 634 2281 prodi
647 2256 691 2261 —
709 2240 907 2278 cernebant,-

247 2284 368 2315 anders
387 2284 439 2323 25,
456 2282 508 2320 33,
528 2283 563 2314 S:
579 2286 758 2326 postquam
774 2294 833 2315 nec
848 2295 910 2327 po-

248 2331 360 2361 terant
377 2347 419 2351 Ἀ
435 2338 494 2359 nec
511 2346 555 2350 -—
572 2328 662 2359 vidit.
698 2329 763 2359 Das
783 2327 908 2370 imperf.

249 2374 352 2405 findet
375 2373 442 2405 sich
468 2373 548 2404 nach
572 2376 611 2404 ut
629 2374 689 2404 wie
714 2374 793 2405 nach
817 2377 910 2417 post-

248 2429 346 2461 quam
362 2419 451 2450 nicht
464 2417 581 2458 selten,
601 2429 626 2449 s.
641 2429 668 2449 c.
688 2418 736 2457 13,
754 2419 790 2457 73
807 2418 908 2459 32,5;

247 2464 301 2503 25,
321 2464 373 2503 26,
396 2464 433 2494 15
453 2474 483 2494 u.
498 2473 527 2494 a.

296 2508 405 2539 7—8.
435 2510 603 2548 contione,
633 2508 706 2539 eine
724 2507 909 2540 Volksver-

249 2553 445 2593 sammlung,
476 2554 506 2584 in
539 2554 597 2584 der
623 2553 709 2583 nicht
733 2553 832 2583 allein
858 2554 908 2585 die

249 2598 353 2630 Sache
368 2598 570 2636 verbandelt‚
590 2598 730 2629 sondern
746 2598 912 2639 aucl1,an-

248 2645 325 2676 ders
350 2644 399 2675 als
419 2644 449 2674 in
468 2643 565 2682 Rom,
590 2644 640 2674 ein
661 2643 835 2674 Beschluss
853 2653 909 2683 ge-

246 2688 332 2721 fasst
353 2689 452 2730 wird,
483 2698 508 2719 s.
533 2687 552 2729 ξ
574 2687 603 2719 8.
632 2706 676 2712 —-
691 2687 849 2720 let-z'sse'm.
868 2699 909 2730 q.,

984 1427 1129 1467 dagegen
1148 1424 1202 1465 23,
1218 1425 1317 1466 30,8:
1335 1425 1521 1458 Locrenses
1540 1425 1648 1458 desci-

983 1482 1060 1504 vere
1082 1471 1127 1503 ad
1142 1471 1296 1503 Bruttios
1313 1489 1358 1494 —-
1374 1471 1512 1515 prodita
1533 1470 1648 1503 malti-

985 1517 1100 1549 tudine
1122 1528 1143 1548 a
1163 1517 1385 1560 principibus.
1408 1535 1453 1539 —
1479 1527 1581 1548 not-as
1606 1526 1647 1557 ⁷·.,

985 1563 1037 1594 die
1089 1562 1357 1603 ungewo‘hnliche
1399 1561 1649 1602 &Vortstellung

985 1608 1113 1638 scheint
1142 1608 1243 1639 durch
1273 1607 1324 1638 die
1348 1607 1500 1649 Anapher
1529 1617 1650 1638 veran-

984 1653 1069 1684 lasst
1093 1663 1132 1683 zn
1159 1653 1241 1684 sein.
1261 1670 1305 1675 —
1329 1654 1444 1693 magis
1467 1653 1585 1692 gehiirt
1608 1662 1648 1682 zu

984 1698 1056 1729 dein
1074 1707 1200 1737 ganzen
1219 1697 1358 1737 Begriffe
1383 1699 1476 1728 taciti
1491 1698 1648 1740 probare.

984 1744 1207 1785 constant.s.,
1227 1743 1298 1773 dem
1317 1742 1477 1773 Biindniss
1495 1743 1555 1773 mit
1568 1741 1648 1773 Rom

985 1793 1059 1820 treu
1074 1799 1114 1819 zu
1128 1788 1268 1819 1118111811.
1279 1806 1322 1810 -
1336 1789 1436 1829 taciti,
1452 1798 1478 1819 s.
1489 1787 1542 1827 25,
1553 1786 1605 1825 28,
1616 1787 1647 1817 6.

984 1852 1027 1856 -
1046 1835 1148 1874 tueri,
1175 1833 1242 1864 sich
1262 1833 1491 1871 entschieden,
1510 1832 1579 1863 laut
1597 1831 1649 1863 siit·

985 1883 1089 1910 etwas
1123 1879 1362 1919 aussprechen,
1397 1888 1432 1909 es
1463 1878 1493 1908 in
1524 1877 1647 1908 Schutz

985 1924 1132 1963 11811111811,
1152 1924 1239 1955 steht
1256 1923 1297 1954 im
1313 1922 1520 1963 Gegensatze
1539 1933 1580 1953 zu
1599 1925 1648 1954 ta-

985 1970 1053 2007 citi,
1078 1969 1145 2009 vgl.
1169 1967 1226 2008 22,
1246 1968 1303 2010 25,
1325 1968 1380 1998 17:
1406 1968 1520 2009 mag-is
1546 1970 1648 1998 tacita

983 2013 1106 2046 invidia
1121 2032 1165 2036 -—
1183 2023 1283 2055 quam
1300 2014 1384 2044 satis
1401 2012 1572 2044 audebant
1586 2012 1647 2044 ho-

983 2061 1090 2091 mines
1118 2058 1163 2090 ad
1189 2057 1398 2090 suadendum
1420 2075 1464 2080 —-—
1486 2057 1644 2100 prodz're;

984 2104 1043 2145 40,
1062 2105 1097 2146 5,
1115 2103 1150 2135 S:
1180 2105 1359 2135 certamine
1383 2102 1545 2134 adversus
1562 2103 1647 2144 sra-

985 2152 1070 2181 trem
1087 2150 1198 2180 omnia
1217 2148 1338 2180 tuendo
1356 2152 1440 2186 εἴας
1464 2147 1514 2189 26,
1538 2147 1588 2187 14,
1610 2148 1645 2186 13

984 2194 1074 2226 Curt.
1095 2194 1147 2235 10,
1165 2193 1223 2232 20,
1246 2192 1472 2235 12;,’Ᾱ’8αι·8Ιιο
1493 2194 1648 2236 pervica-

983 2241 1054 2271 cius
1073 2241 1185 2271 tuente
1199 2241 1412 2270 sententiam.
1431 2256 1475 2260 —
1497 2240 1530 2269 in
1547 2247 1644 2281 spec„

982 2284 1059 2316 weil
1072 2284 1179 2325 Viele,
1197 2284 1277 2315 nach
1296 2294 1324 2314 c.
1339 2284 1368 2322 2,
1384 2283 1414 2325 8,
1428 2282 1555 2325 vgl.29,
1571 2282 1601 2323 6,
1616 2283 1646 2321 5,

983 2329 1083 2361 denkt
1112 2328 1149 2361 L.
1178 2339 1218 2360 an
1248 2329 1299 2360 die
1328 2328 1570 2367 Aristokratie,
1603 2327 1645 2358 im

984 2374 1099 2407 Grund
1130 2375 1188 2405 des
1219 2374 1367 2405 Herzens
1400 2374 1457 2405 das
1482 2373 1645 2404 Biindniss

983 2421 1041 2451 mit
1066 2419 1145 2451 Rom
1175 2417 1327 2450 aufrecht
1352 2418 1501 2450 erhalten
1525 2417 1645 2449 wissen

982 2464 1130 2496 wollten.
1154 2482 1198 2487 —
1219 2464 1276 2507 fit.
1301 2463 1387 2503 cled„
1418 2473 1479 2494 nur
1507 2463 1566 2494 der
1583 2462 1645 2493 Be-

983 2510 1111 2541 schluss
1131 2510 1213 2541 wird
1231 2508 1367 2551 gefasst,
1388 2518 1415 2539 s.
1433 2507 1454 2549 ξ
1469 2507 1500 2539 9.

1027 2554 1149 2586 9—10.
1170 2555 1346 2598 praefecto
1361 2558 1424 2584 etc.
1442 2552 1507 2593 vgl.
1523 2551 1575 2590 23,
1591 2551 1644 2592 41,

985 2599 1041 2630 12:
1069 2600 1272 2632 clause-runt.
1292 2618 1336 2622 —
1359 2600 1478 2640 quique
1502 2597 1645 2628 darnach

983 2645 1026 2676 ist
1044 2655 1085 2676 zu
1102 2644 1253 2677 deductis
1277 2655 1318 2677 zu
1332 2643 1460 2675 denken
1474 2644 1526 2683 z'is,
1544 2642 1597 2683 27,
1613 2642 1643 2681 5,

983 2689 1017 2720 6:
1044 2689 1193 2722 Muttine
1210 2693 1243 2722 et
1259 2692 1290 2722 si
1305 2699 1446 2732 quorum
1463 2689 1586 2720 merita
1602 2704 1643 2709 —-

1679 601 1696 631 5

1679 879 1719 911 10

1679 1161 1718 1192 15
