1784 2967
504 242 630 275 LIBER
647 241 773 275 XXVI.
806 242 899 274 CAP.
920 242 973 273 50.
993 243 1046 275 51.
1402 243 1483 284 319

78 258 103 277 fl.
120 252 172 277 Ch.
189 252 249 276 210.

75 344 225 396 pudore
258 349 295 382 et
328 344 468 395 gaudio
505 345 684 395 perfusus
720 344 892 382 dextram
922 343 1114 394 Scipionis
1150 351 1285 383 tenens
1315 345 1409 383 deos
1438 359 1484 384 ο-

76 400 178 439 mnis
195 400 373 439 invocare
389 401 434 439 ad
453 402 612 451 gratiam
629 401 680 439 illi
698 413 768 452 pro
787 413 828 438 se
843 401 1097 445 referendam,
1120 402 1304 452 quoniam
1323 401 1395 440 sibi
1412 414 1482 440 ne-

77 469 267 508 quaquam
291 457 382 495 satis
403 457 592 496 facultatis
617 470 686 508 pro
709 469 781 495 suo
804 457 932 496 animo
955 462 1068 507 atque
1088 457 1187 496 illius
1205 470 1294 508 erga
1311 471 1351 496 se
1368 464 1483 497 esset.

77 518 255 563 parentes
283 513 371 551 inde
397 514 624 564 cognatique
644 513 802 563 virginis
824 513 1017 563 appellati3
1049 513 1130 564 qui,
1159 515 1343 564 quoniam
1366 516 1481 565 gratis

29 575 48 607 5
78 570 149 607 sibi
171 570 396 608 redderetur
418 570 522 620 virgo
538 601 546 616 ,
569 570 614 608 ad
637 582 751 620 quam
773 569 1035 608 redimendam
1059 570 1153 607 satis
1176 582 1359 619 magnum
1382 577 1482 610 attu-

74 626 210 664 lissent
237 626 318 665 auri
345 627 517 676 pondus,
549 638 659 664 orare
682 626 923 677 Scipionem,
952 631 994 664 ut
1020 625 1055 663 id
1080 625 1125 664 ab
1149 639 1190 665 se
1213 627 1358 665 donum
1382 628 1482 666 acci-
1513 637 1550 668 13

75 688 195 732 peret,
215 688 436 733 coeperunt,
457 682 557 720 haud
576 683 768 721 minorem
791 683 872 721 eius
889 682 943 721 rei
961 683 1062 732 apud
1080 694 1120 720 se
1137 683 1295 732 gratiam
1313 684 1481 723 futuram

76 752 163 776 esse
184 739 430 776 adfirmantes
454 750 567 788 quam
590 739 760 778 redditae
781 739 983 777 inviolatae
1003 740 1103 777 foret
1125 739 1294 789 virginis.
1337 740 1479 790 Scipio,
1513 747 1551 778 12

76 795 228 845 quando
250 800 356 833 tanto
380 807 498 845 opere
518 801 695 846 peterent
715 802 962 846 accepturum
986 808 1026 833 se
1048 795 1256 846 pollicitus,
1279 796 1373 846 poni
1395 803 1482 835 ante

13 856 47 889 10
75 851 192 901 pedes
231 851 360 897 iussit,
397 857 611 902 vocatoque
640 853 685 890 ad
718 865 760 890 se
789 853 946 891 Aluccio
971 864 1121 902 „super
1151 853 1312 890 dotem⁸⁶
1344 853 1479 903 inquit,

75 919 222 957 „quam
252 913 481 958 accepturus
507 921 527 946 a
556 921 693 947 socero
716 922 775 955 es,
805 909 898 947 haec
918 908 987 947 tibi
1009 922 1028 946 a
1051 921 1113 946 me
1135 908 1272 947 dotalia
1295 909 1395 947 dona
1418 922 1481 947 ac-

14 979 35 999 o
74 963 242 1008 cetlent“,
265 976 477 1014 aurumque
498 965 631 1003 tollere
652 978 695 1004 ac
716 965 789 1004 sibi
811 966 951 1003 babere
973 965 1098 1003 iussit.
1140 965 1200 1003 his
1223 966 1343 1004 laetus
1366 966 1480 1004 donis

71 1020 555 1071 honoribusquedimissus
566 1021 725 1059 domum
743 1022 913 1072 implevit
927 1021 1125 1072 popularis
1144 1021 1319 1060 laudibus
1334 1022 1480 1060 meritis

74 1076 285 1126 Scipionis:
330 1077 482 1115 venisse
518 1077 575 1116 dis
613 1078 850 1116 simillimum
887 1079 1080 1125 iuvenem,
1111 1078 1327 1116 vincentem
1351 1078 1481 1117 omnia

13 1138 43 1169 25
73 1145 160 1170 cum
182 1133 298 1171 armis
320 1139 402 1171 tum
425 1133 655 1184 benignitate
676 1147 720 1173 ac
741 1134 948 1173 beneficiis.
989 1134 1114 1183 itaque
1132 1134 1268 1172 dilectu
1287 1134 1481 1173 clientium
1514 1140 1552 1170 14

71 1188 202 1227 habito
225 1202 311 1227 cum
335 1190 490 1228 delectis
513 1191 615 1229 mille
636 1196 673 1229 et
693 1189 810 1229 CCCC
832 1190 1025 1242 equitibus
1048 1190 1147 1229 intra
1168 1203 1314 1241 paucos
1337 1190 1416 1229 dies
1434 1191 1480 1230 ad

73 1245 296 1295 Scipionem
319 1247 485 1284 revertit.

184 1302 314 1352 Scipio
343 1307 536 1341 retentum
559 1315 689 1341 secum
713 1303 902 1349 Laelium,
933 1304 1026 1342 dum
1049 1303 1222 1354 captivos
1246 1303 1478 1354 obsidesque
1503 1304 1555 1343 51

70 1362 106 1395 et
126 1358 309 1408 praedam
340 1371 384 1397 ex
413 1358 574 1397 consilio
603 1359 687 1398 eius
718 1360 961 1411 disponeret,
992 1361 1086 1398 satis
1109 1359 1290 1398 omnibus
1314 1372 1478 1410 compo-
1507 1368 1526 1399 2

13 1423 43 1456 εί)
72 1414 155 1452 sitis
190 1414 275 1454 data
309 1415 587 1467 quinquereme
621 1415 857 1468 captivisque
892 1417 1052 1467 Magone
1084 1422 1121 1455 et
1150 1416 1368 1468 quindecim
1402 1417 1481 1455 fere

1513 521 1553 552 14}

69 1547 95 1568 s.
116 1537 196 1569 Sall.
217 1536 241 1569 I.
264 1537 313 1578 14,
336 1537 370 1576 13
395 1537 444 1569 18.

115 1582 145 1614 9.
170 1582 311 1626 pudore,
329 1583 360 1614 in
379 1583 492 1624 Bezug
507 1583 599 1626 auf§
618 1584 654 1615 4:
673 1595 735 1617 au-

69 1627 174 1659 derem
193 1646 233 1650 —
245 1628 354 1671 fidem
376 1629 438 1659 und
462 1629 673 1661 verecundia.
691 1649 736 1653 —

68 1672 114 1704 acl
131 1675 224 1714 grat.
248 1688 293 1699 ==
319 1676 357 1704 ut
383 1676 535 1715 gratiam
557 1693 601 1697 —
622 1676 735 1717 reser-

68 1720 161 1756 γρηῒ,
185 1718 248 1748 ihm
272 1719 333 1749 den
356 1718 448 1749 Dank
472 1720 651 1760 erweisen,
682 1721 734 1751 ihn

68 1761 251 1801 begliieken
269 1764 432 1794 rno'chten.
458 1764 549 1795 Auch
568 1765 736 1805 zu-facul-

69 1809 149 1838 tatis
166 1808 210 1838 ist
227 1807 372 1849 adgrat.
389 1809 456 1850 ref.
473 1820 513 1840 zu
527 1809 653 1840 denken
670 1810 734 1841 und

67 1851 188 1883 darauf
202 1852 333 1883 bezieht
350 1853 418 1884 sich
435 1864 497 1896 pro
516 1864 599 1891 suo,·
622 1857 733 1886 animo

68 1897 111 1928 ist
130 1897 182 1928 bei
200 1897 289 1928 illius
308 1908 349 1928 zu
372 1898 608 1939 wiederholen,
635 1909 661 1930 s.
680 1899 731 1940 23,

70 1941 121 1981 17,
150 1942 204 1972 10:
237 1945 388 1986 suspecti
412 1943 591 1988 Campanis
615 1947 735 1976 timen-

69 1990 184 2028 tesque
200 1998 230 2018 u.
250 1997 280 2020 a.

114 2032 127 2063 1
139 2031 257 2063 1—12.
282 2033 461 2065 inviolatae
474 2034 594 2074 geho‘rt
607 2045 648 2065 zu
657 2034 733 2067 red-

66 2077 172 2109 ditae.-
189 2077 381 2109 unverletzt
398 2079 646 2119 zuriickgeben,
666 2080 733 2120 vgl.

67 2121 98 2162 2,
120 2121 171 2163 13,
190 2121 224 2153 8:
243 2125 290 2154 sic
303 2122 448 2155 deditam
462 2142 506 2146 —
518 2124 732 2157 inviolatam-

66 2178 128 2208 que
140 2167 364 2199 redditurum.
382 2187 426 2191 —-
443 2168 544 2201 dotal.
559 2169 657 2208 dona,
676 2171 733 2202 das

68 2211 241 2243 Geschenk
260 2212 335 2252 soll,
354 2213 394 2244 da
411 2223 445 2244 es
460 2224 524 2245 von
539 2215 600 2246 den
616 2215 733 2246 Eltern

67 2257 126 2287 der
141 2257 243 2288 Braut
261 2257 397 2295 kommt,
422 2258 472 2290 als
490 2259 656 2299 ein-Theil
675 2261 734 2292 der

67 2300 191 2342 Mitgift
231 2302 418 2334 betrachtet
456 2305 608 2344 werden3
655 2305 731 2337 Val.

66 2346 155 2378 Max.
174 2357 329 2379 summae
341 2347 430 2379 dotis
441 2348 580 2387 adz·ecz·t,·
597 2350 733 2382 From..-

63 2402 125 2435 pro
149 2393 294 2435 nuptiali
312 2403 463 2424 munere.
486 2412 529 2417 —
552 2396 617 2426 sibe·
645 2396 732 2437 hab„

65 2437 114 2468 als
131 2437 328 2477 Eigenthum
347 2438 511 2470 behalten.

112 2481 254 2515 13—14.
277 2483 440 2521 lzonorib„
459 2484 519 2515 der
539 2484 732 2516 ehrenvolle

65 2526 224 2569 Empfang
239 2528 289 2559 bei
300 2528 420 2570 Scipio.
442 2528 551 2561 Ueber
565 2529 674 2561 laetus
686 2548 732 2553 —

65 2571 144 2603 clim.
169 2583 195 2605 s.
218 2575 244 2611 l,
263 2573 316 2609 21,
339 2573 366 2606 1.
398 2592 443 2596 ——-
476 2575 618 2616 benigne
640 2586 670 2607 a.
690 2576 733 2618 b.,

0 2628 6 2648 r„
65 2616 528 2658 Gesinnungfflerzensgiitel
553 2620 618 2650 und
633 2620 728 2652 That.

63 2679 106 2685 —
123 2662 300 2705 clientium,
319 2664 386 2704 vgl.
405 2664 498 2696 Caes.
513 2665 548 2696 Β.
565 2664 602 2696 G.
621 2664 652 2706 6,
674 2665 729 2696 15:

807 1542 847 1572 ut
863 1541 1002 1582 quisque
1019 1543 1072 1571 est
1084 1551 1212 1581 genere
1228 1542 1395 1584 copiisque
1407 1551 1480 1571 am-

805 1585 982 1629 plissimas
1012 1586 1063 1617 ita
1087 1585 1255 1628 plurimos
1290 1587 1415 1617 circum
1444 1597 1480 1617 se

807 1632 980 1662 ambactos
1017 1631 1217 1672 clientesque
1249 1631 1358 1662 habet.
1406 1630 1479 1662 Liv.

807 1677 863 1707 hat
895 1677 947 1707 die
977 1676 1082 1707 Scene
1112 1675 1172 1707 auf
1201 1676 1252 1707 die
1281 1675 1335 1706 fiir
1364 1675 1475 1718 Scipio

807 1721 1026 1752 ruhmvollste
1052 1721 1115 1752 Art
1138 1721 1354 1763 dargestellt‚
1378 1721 1481 1752 weni—

808 1776 869 1806 ger
892 1766 978 1798 ideal
998 1766 1129 1808 Polyb.:
1154 1765 1222 1798 τὸν
1245 1766 1309 1807 τῆς
1335 1765 1478 1808 παρθέ-

806 1821 874 1843 νου
891 1810 1034 1852 πατέρα
1052 1810 1208 1846 καλέσας
1231 1812 1291 1842 καὶ
1310 1808 1398 1846 δοὺς
1415 1808 1472 1842 αὖ·

807 1852 873 1897 τῂν
896 1854 935 1887 ἐκ
951 1852 1079 1898 χειρὸς
1101 1853 1241 1887 ἐκέλευε
1260 1856 1480 1893 συνοικίζειν

809 1898 835 1943 ᾧ
854 1897 940 1931 ποῖ’
960 1897 1007 1932 ἂν
1030 1900 1251 1943 προαιρῆται
1276 1901 1348 1932 τῶν
1372 1900 1477 1932 πολι-

806 1946 888 1977 τῶν.
922 1945 1012 1977 Nach
1032 1944 1160 1977 Gellius
1187 1946 1220 1984 7,
1250 1945 1268 1976 8
1293 1945 1476 1978 beriehtete

805 1990 962 2023 Valerius
992 1991 1125 2022 Antias:
1160 1986 1235 2022 eam
1261 1990 1407 2033 puellam
1433 2009 1478 2014 —
1507 2009 1515 2018 ,

804 2046 871 2067 non
905 2035 1072 2067 redditam
1100 2054 1143 2058 —
1173 2035 1235 2067 sed
1260 2039 1430 2068 retentam
1457 2047 1479 2067 a

805 2079 963 2123 Scipione
985 2084 1087 2123 atque
1109 2083 1142 2112 in
1164 2080 1290 2112 delt'cz'is
1312 2099 1357 2103 —
1376 2092 1479 2113 usur—

803 2129 932 2169 patam,
950 2127 1016 2166 vgl.
1039 2127 1115 2158 Aur.
1134 2125 1221 2157 vict.
1241 2126 1293 2167 49,
1313 2125 1344 2158 8.

853 2167 922 2203 51.
950 2170 1046 2203 1—2.
1081 2171 1252 2214 disponer.
1271 2190 1315 2193 —
1330 2181 1477 2214 compos⁴

806 2226 834 2247 s.
860 2227 887 2248 c.
911 2217 971 2255 44,
997 2216 1028 2248 2.
1069 2216 1128 2247 Die
1153 2214 1305 2256 Haufung
1328 2217 1388 2247 der
1410 2216 1476 2247 abl⁴

804 2261 892 2293 abss.
918 2261 1020 2292 findet
1043 2261 1112 2292 sich
1134 2262 1215 2292 auch
1241 2265 1336 2292 sonst
1358 2260 1409 2291 bei
1427 2260 1476 2298 L.7

806 2317 832 2338 s.
853 2317 894 2338 zu
912 2306 1041 2345 31,10‚
1061 2306 1098 2344 33
1119 2306 1170 2347 27,
1189 2305 1241 2344 30,
1261 2306 1291 2336 9.
1310 2324 1352 2328 —
1371 2308 1477 2348 capti-

803 2354 884 2393 vz‘sq.
902 2351 1034 2383 bezieht
1051 2351 1119 2382 sich
1138 2350 1332 2382 schwerlich
1351 2348 1410 2381 auf
1424 2351 1475 2381 die

805 2397 951 2436 sogleich
975 2396 1150 2435 folgenden
1176 2395 1316 2435 &Vox-te,
1341 2395 1380 2426 da
1398 2395 1474 2426 der-

805 2442 897 2473 selbe
919 2441 1046 2481 Begriff
1065 2441 1096 2472 in
1121 2443 1178 2483 qui
1197 2459 1241 2463 ——
1263 2443 1361 2472 erant
1381 2438 1474 2482 folgt,

803 2488 885 2518 auch
911 2487 956 2518 ist
979 2487 1031 2517 die
1050 2485 1312 2525 Voranstellung
1336 2496 1400 2516 von
1419 2495 1474 2516 ca-

799 2534 900 2575 ptivis
918 2531 1105 2563 auffallend
1140 2531 1231 2561 Dazu
1245 2531 1378 2570 kommt,
1396 2531 1473 2562 dass

802 2577 841 2608 L.
860 2577 913 2617 27,
929 2577 958 2615 7,
974 2577 993 2607 4
1012 2581 1100 2615 sagt:
1120 2575 1268 2607 Laelium
1288 2586 1362 2607 eum
1381 2577 1473 2617 qui—

804 2623 877 2654 bus
910 2624 1047 2654 vener-at
1077 2622 1253 2652 navibus
1291 2620 1403 2652 redire
1438 2623 1473 2652 in

802 2667 998 2710 Hispaniam
1015 2667 1118 2698 iussit
1132 2666 1197 2697 und
1211 2666 1348 2708 Appian.
1367 2676 1394 2697 c.
1411 2665 1471 2697 232
