1784 2967
144 630 181 661 10

143 800 179 832 11

144 918 182 949 12

144 1026 183 1057 13

135 1249 188 1287 26

166 1366 185 1396 2

165 1477 183 1507 3

217 242 295 281 166
653 236 779 269 LIBER
796 235 907 270 XXV.
940 237 1034 271 CAP.
1052 238 1106 270 25.
1125 237 1180 270 26.

1472 253 1498 272 a.
1514 253 1541 272 u.
1556 245 1618 273 542.

213 348 355 393 saepta.
405 341 526 392 portis
563 340 723 390 regione
759 340 968 390 platearum
1001 340 1221 391 patentibus
1252 339 1441 379 stationes
1471 339 1618 390 praesi—

212 399 349 449 diaque
377 397 587 447 disposuit,
616 408 665 434 ne
689 396 773 447 quis
796 397 834 434 in
856 396 1035 435 discursu
1056 396 1222 435 militum
1243 396 1412 446 impetus
1434 395 1472 434 in
1495 401 1619 435 castra

213 455 292 493 lieri
321 459 467 505 posset.
517 453 605 491 inde
636 452 746 503 signo
776 453 863 491 dato
895 452 1031 491 milites
1060 453 1341 497 discurrerunt3
1371 451 1621 503 refractisque

211 511 359 549 foribus
382 522 468 548 cum
493 509 623 548 onmia
644 514 791 547 terrore
813 521 856 547 ac
876 509 1044 547 tumultu
1066 514 1292 560 streperent,
1319 520 1337 546 a
1363 507 1538 547 caedibus
1560 514 1618 547 ta-

212 578 302 604 men
326 572 577 616 temperatum
602 571 678 610 est,
700 566 843 616 rapinis
862 561 987 604 nullus
1006 570 1092 603 ante
1111 565 1251 604 modus
1268 565 1341 603 fuit
1358 576 1473 614 quam
1492 564 1620 603 omnia

213 623 390 661 diuturna
419 622 594 660 felicitate
625 622 814 660 cumulata
836 621 936 659 bona
958 627 1194 672 egesserunt.
1236 622 1335 659 inter
1355 620 1449 658 haec
1469 625 1506 659 et
1527 620 1620 658 Phi-

210 679 405 724 lodemus,
434 691 521 717 cum
545 691 634 729 spes
657 678 770 716 auxili
792 678 891 715 nulla
913 684 1034 723 esset,
1064 678 1136 716 fide
1159 682 1327 728 accepta,
1355 682 1398 714 ut
1419 676 1620 715 inviolatus

211 736 256 773 ad
280 734 473 786 Epicyden
496 735 654 779 rediret,
683 734 846 772 deducto
870 734 1062 783 praesidio
1085 733 1241 773 tradidit
1262 733 1453 772 tumulum
1476 732 1620 771 Roma-

211 791 284 829 nis.
327 791 473 829 aversis
497 790 677 829 omnihus
701 790 747 828 ad
770 790 977 828 tuinultum
998 803 1041 828 ex
1065 796 1173 841 parte
1195 795 1327 840 captae
1348 789 1456 828 urbis
1474 789 1621 827 Bomil—

212 860 275 886 car
302 854 455 885 noctem
485 860 566 885 eam
596 851 750 891 nactus,
780 858 852 895 qua
880 851 1042 897 propter
1070 847 1145 884 vim
1173 845 1416 897 tempestatis
1446 850 1548 883 stare
1574 845 1619 883 ad

213 916 395 943 ancoram
425 903 462 941 in
487 903 565 941 salo
591 902 762 940 Romana
786 901 920 940 classis
943 914 1022 940 non
1045 908 1200 953 posset,
1231 914 1317 940 cum
1340 914 1437 940 xxxv
1459 901 1620 940 navibus

213 973 255 998 ex
287 965 402 1010 portu
431 960 673 1010 Syracusano
703 958 899 1008 profectus
927 958 1047 997 libero
1077 958 1173 997 mari
1197 958 1275 996 vela
1304 958 1342 996 in
1372 958 1490 996 altum
1519 958 1622 996 dedit

214 1016 382 1067 quinque
404 1021 440 1053 et
461 1028 482 1053 L
504 1014 664 1054 navibus
688 1014 876 1066 Epicydae
898 1020 934 1053 et
951 1014 1200 1066 Syracusanis
1219 1014 1376 1060 relictis,
1398 1014 1621 1064 edoctisque

213 1072 618 1122 Carthaginiensibus,
655 1072 693 1109 in
730 1076 872 1121 quanto
905 1084 966 1109 res
996 1072 1239 1122 Syracusana
1262 1070 1484 1108 discrimine
1505 1076 1620 1116 esset,

213 1141 299 1167 cum
331 1134 484 1166 centum
508 1128 666 1166 navibus
689 1132 779 1177 post
801 1140 945 1177 paucos
969 1128 1048 1166 dics
1071 1127 1169 1166 redit
1190 1127 1337 1173 multis,
1365 1131 1408 1165 ut
1428 1126 1529 1165 fama
1550 1132 1620 1172 est,

213 1185 325 1223 donis
350 1198 393 1222 ex
417 1184 595 1222 Hieronis
618 1196 708 1233 gaza
731 1183 777 1221 ab
799 1183 964 1235 Epicyde
985 1185 1163 1222 donatus.

327 1241 525 1279 Marcellus
544 1240 706 1291 Euryalo
729 1245 884 1290 recepto
909 1240 1178 1291 praesidioque
1199 1239 1327 1278 addito
1345 1251 1419 1277 una
1437 1250 1527 1276 cura
1544 1243 1626 1276 erat

216 1297 328 1341 liber,
352 1309 399 1335 ne
423 1310 495 1347 qua
517 1297 562 1335 ab
583 1303 689 1346 tergo
711 1296 768 1334 vis
790 1297 963 1335 hostium
986 1298 1023 1335 in
1045 1309 1170 1335 arcem
1192 1300 1346 1346 accepta
1369 1295 1540 1333 inclusos
1562 1294 1622 1332 in-

216 1354 445 1404 peditosque
468 1353 671 1391 moenibus
694 1365 787 1391 suos
810 1352 991 1391 turbaret.
1034 1352 1288 1391 Achradinam
1313 1351 1400 1389 inde
1422 1350 1533 1389 trinis
1557 1363 1621 1388 ca-

214 1411 303 1449 stris
333 1423 402 1461 per
429 1410 565 1448 idonea
595 1408 794 1459 dispositis
822 1409 906 1447 loca
935 1422 1002 1460 spe
1031 1410 1076 1447 ad
1098 1409 1268 1459 inopiam
1294 1408 1468 1446 omnium
1491 1418 1621 1444 rerum

214 1467 386 1505 inclusos
415 1467 660 1504 redacturum
692 1465 950 1504 circumsedit.
995 1479 1081 1503 cum
1111 1478 1179 1516 per
1207 1464 1352 1514 aliquot
1373 1464 1452 1502 dies
1476 1463 1623 1514 quietae

213 1524 397 1562 stationes
423 1523 602 1573 utrinque
629 1522 817 1565 fuissent,
840 1528 1000 1573 repente
1022 1522 1206 1560 adventus
1229 1519 1475 1571 Hippocratis
1497 1524 1535 1558 et
1554 1519 1622 1557 Hi-

1003 1668 1144 1700 11—13.
1170 1667 1357 1708 Bomilcar,
1387 1667 1462 1698 dass
1482 1676 1519 1697 er
1542 1666 1622 1696 nach

954 1714 1025 1745 dem
1035 1712 1139 1753 24‚36
1156 1712 1335 1744 Erz'tihlten
1346 1712 1471 1743 wieder
1480 1710 1622 1742 zuriick—

213 1671 341 1701 obieeta
360 1671 439 1701 oder
459 1671 672 1701 circumiectu
689 1680 720 1711 p.
735 1680 764 1699 u.
784 1669 823 1700 A.
837 1687 881 1691 —-

210 1726 273 1758 pro
289 1726 398 1754 muro,
418 1716 522 1746 nicht:
548 1719 631 1754 statt
649 1715 741 1745 einer
755 1714 881 1753 Mauer,

213 1761 252 1791 da
276 1761 334 1791 das
354 1760 458 1800 Lagei¹
482 1759 685 1799 gewo'hulich
711 1769 772 1790 nur
789 1758 882 1790 Wall

212 1805 276 1835 uad
296 1804 426 1836 Graben
444 1806 514 1842 hat,
534 1805 692 1835 sondern:
718 1804 781 1834 wie
808 1805 881 1834 eine

214 1849 337 1885 Mauer,
358 1860 384 1881 s.
404 1850 464 1889 44,
490 1849 548 1887 39,
572 1850 606 1880 5:
635 1851 747 1892 patria
775 1848 883 1880 altera

213 1897 264 1926 est
291 1895 450 1926 militaris
478 1895 559 1925 haec
591 1894 687 1926 sedes
718 1896 880 1933 (eastra),

214 1939 399 1981 vallumque
413 1950 475 1983 pro
492 1941 686 1976 ηιοθιιῖὺιιδῑ
705 1939 756 1975 24,
777 1938 830 1977 48,
850 1939 880 1970 5.

212 1988 401 2027 —p07·tt's,
435 1995 470 2015 es
496 1985 568 2015 sind
599 1985 650 2015 die
681 1983 791 2015 Thore
822 1985 879 2015 des

214 2029 340 2068 Lagei-s
359 2031 513 2069 gemeint,
542 2030 687 2059 welches
705 2029 881 2068 geschiitzt

216 2074 347 2105 werden
375 2075 449 2111 soll,
481 2075 569 2105 nicht
592 2075 651 2104 der
673 2074 798 2113 Stiidte,
828 2074 879 2104 die

214 2119 294 2149 nach
329 2119 399 2149 dem
430 2118 634 2157 Vorhergeh.
667 2119 747 2148 nach
782 2118 877 2148 innen

213 2163 310 2194 keine
326 2163 459 2194 Mauern
471 2163 663 2201 undThorc,
682 2163 743 2193 wie
753 2162 880 2194 Achra-

215 2209 298 2247 dina,
318 2209 441 2239 hatten.
460 2226 504 2230 —
528 2210 665 2249 reg-ione
682 2207 725 2250 pl.
742 2218 794 2249 p.‚
829 2207 880 2238 die

215 2254 283 2284 sich
302 2253 361 2284 den
382 2253 536 2284 Strassen
554 2254 613 2284 der
628 2253 745 2283 Stiidte
759 2262 884 2292 gegen-

215 2298 296 2329 iiber
315 2298 476 2337 iiffneten‚
507 2299 602 2329 dahiu
633 2298 693 2327 den
726 2298 882 2337 Ausgang

215 2347 430 2383 gestatteten,
450 2344 516 2382 vgl.
536 2354 561 2374 c.
586 2343 632 2383 11,
654 2342 691 2379 ῖς
721 2353 749 2373 c.
769 2341 821 2382 30,
841 2342 879 2379 73

218 2388 267 2424 10,
287 2387 339 2427 34,
360 2388 394 2418 7:
410 2391 543 2431 portam
562 2398 662 2419 unam
677 2387 883 2428 alteramque

217 2432 329 2463 endem
348 2436 486 2473 regione
502 2451 547 2455 —
562 2435 747 2474 pateutem;
765 2431 817 2470 33,
831 2432 881 2471 17,

217 2478 247 2507 13.
278 2480 421 2519 Impetus
450 2489 512 2508 von
543 2478 750 2509 Philodemus
784 2481 881 2517 etwa,

218 2522 298 2552 oder
322 2523 381 2553 deu
409 2523 555 2554 Feinden
573 2523 603 2553 in
623 2521 817 2553 Achradina.
838 2539 883 2543 —

217 2567 343 2607 modus,
362 2567 446 2598 Ziel.
463 2586 507 2590 -—
525 2571 563 2599 ut
583 2567 711 2606 inriol„
744 2566 821 2597 weil
849 2566 880 2596 in

209 2611 282 2652 fide
304 2616 437 2655 accepta
464 2613 523 2643 der
547 2612 672 2653 Begrill'
695 2612 753 2642 des
771 2610 880 2651 Zuge-

218 2656 423 2688 stiiudnisses
442 2658 532 2697 liegt.

955 1759 1096 1798 gekehrt
1113 1759 1167 1798 ist,
1192 1759 1247 1789 hat
1270 1757 1305 1788 L.
1331 1757 1419 1788 nicht
1442 1756 1622 1787 besonders

954 1803 1117 1834 bemerkt.
1132 1821 1173 1825 ——
1189 1805 1276 1834 noct.
1292 1813 1375 1841 eane,
1390 1812 1427 1832 er
1441 1802 1547 1841 ersah,
1565 1800 1622 1831 be-

955 1853 1069 1879 nutzte
1085 1849 1136 1879 die
1151 1848 1304 1888 giinstige
1322 1846 1552 1886 Gelegenheit,
1571 1846 1622 1876 die

954 1894 1017 1925 ihm
1037 1894 1109 1924 eine
1129 1893 1240 1924 solche
1259 1892 1365 1924 Nacht
1383 1892 1448 1922 bot.
1469 1910 1512 1913 —
1530 1893 1623 1922 stare

951 1950 983 1970 a.
1002 1950 1043 1977 a.,
1061 1948 1123 1969 vor
1142 1938 1255 1969 Anker
1272 1937 1413 1968 bleiben.
1431 1955 1475 1959 —
1491 1938 1523 1967 in
1550 1935 1621 1967 salo

951 1982 1010 2015 auf
1024 1985 1083 2014 der
1101 1983 1229 2014 offenen
1248 1982 1311 2013 See
1336 1992 1397 2013 vor
1415 1982 1486 2012 dem
1505 1979 1619 2019 Hafen,

952 2029 1014 2060 den
1033 2029 1081 2059 sie
1100 2028 1236 2066 blokirt,
1268 2026 1334 2066 vgl.
1354 2026 1412 2066 24,
1431 2025 1490 2062 39,
1512 2025 1561 2056 12.
1578 2044 1622 2047 -—

951 2073 1054 2105 libero
1068 2083 1112 2103 m.
1131 2072 1350 2112 ungehindert
1367 2071 1467 2101 durch
1486 2070 1621 2101 Feiude.

951 2136 995 2141 —
1012 2117 1113 2160 Epic„
1139 2128 1166 2147 c.
1188 2116 1241 2156 23,
1266 2115 1296 2147 9.
1321 2134 1366 2138 —
1389 2126 1463 2147 cum
1481 2117 1565 2146 cent.
1588 2126 1621 2146 η.

953 2167 1027 2204 etc„
1042 2163 1094 2193 die
1110 2161 1392 2192 Rb'merscheinen
1405 2161 1476 2191 dem
1485 2158 1621 2201 Hampfe

951 2207 1180 2247 ausgewichen
1200 2217 1241 2237 zu
1260 2206 1506 2246 sein—gaza,
1525 2215 1552 2236 s.
1568 2204 1621 2244 24,

953 2252 1006 2290 23,
1025 2252 1055 2283 3.

997 2335 1066 2372 26.
1098 2341 1192 2372 1-3.
1219 2343 1363 2384 recepto,
1388 2350 1414 2370 S.
1437 2338 1490 2377 26,
1518 2338 1570 2377 32,
1590 2338 1621 2370 2.

952 2386 1125 2425 —addz't0,
1144 2386 1297 2417 iibevdies
1315 2385 1446 2416 besetzt
1463 2385 1564 2415 hatte.
1577 2401 1622 2405 —

952 2442 994 2462 ne
1006 2441 1070 2473 qua
1088 2436 1163 2471 etc„
1182 2431 1378 2472 Epexegese
1394 2440 1433 2460 zu
1446 2439 1514 2460 una
1526 2438 1619 2468 cura,

955 2486 981 2507 s.
1001 2476 1031 2515 2,
1052 2476 1104 2515 36,
1124 2476 1161 2514 33
1181 2475 1234 2515 34,
1253 2475 1283 2515 2,
1302 2476 1384 2507 8.--
1397 2475 1458 2514 vis,
1476 2473 1620 2504 Heeres-

953 2523 1070 2559 maclit,
1090 2531 1117 2552 s.
1137 2532 1164 2552 c.
1180 2520 1233 2559 25,
1252 2520 1283 2552 4.
1301 2538 1345 2543 ——
1360 2530 1420 2562 spe
1436 2537 1480 2541 —
1493 2517 1575 2555 red„
1594 2528 1619 2548 s.

957 2566 985 2605 1,
1004 2566 1056 2603 37,
1076 2565 1114 2603 6;
1130 2564 1181 2606 26,
1201 2565 1253 2603 39,
1270 2565 1326 2596 10:
1344 2575 1404 2607 spe
1416 2565 1621 2595 commeatus

953 2621 1081 2652 qnoque
1099 2611 1251 2642 hostibus
1264 2609 1522 2646 interclusur035
1540 2607 1622 2638 iiber

952 2666 1011 2698 spe
1030 2666 1055 2687 s.
1075 2655 1105 2695 6,
1124 2656 1154 2695 9,
1173 2655 1204 2687 9.
1222 2673 1266 2678 —
1281 2657 1369 2698 inop.
1389 2664 1415 2685 c.
1436 2653 1486 2694 23,
1506 2652 1538 2684 2.

1653 854 1692 886 10

1654 1134 1693 1165 15
