1784 2967
62 845 103 877 10

63 1130 102 1161 15

60 1410 102 1441 20

607 227 734 260 LIBER
750 226 862 260 xxv.
897 228 988 260 CAP.
1010 228 1062 260 27.
1460 230 1535 269 169

136 249 162 266 a.
178 240 231 267 Ch.
247 241 308 265 212.

132 333 229 384 ipsis
256 332 374 371 modo
403 331 607 370 salutarem
637 341 751 381 opem
781 328 872 367 ferri
901 341 1035 379 posse,
1064 330 1130 368 sed
1158 330 1356 369 Romanos
1384 343 1536 382 quoque

132 389 170 427 in
199 393 307 439 capta
336 388 503 438 quodam
532 387 650 426 modo
671 386 766 425 urbe
790 385 891 436 capi,
920 386 1107 436 perpulit,
1135 391 1179 424 ut
1200 387 1397 426 onerarias
1419 400 1535 426 naves

133 457 246 496 quam
264 444 463 495 plurumas
486 443 592 482 omni
612 442 723 493 copia
743 453 873 480 rerum
897 446 1055 479 onustas
1074 454 1203 480 secum
1222 443 1417 482 mitterent
1437 444 1536 483 clas-

134 513 294 551 semque
321 513 431 539 suam
461 504 654 550 augerent.
695 498 810 548 igitur
837 503 990 536 centum
1022 511 1094 536 xxx
1122 499 1282 538 navibus
1310 500 1435 551 longis
1463 513 1533 538 ncc

134 557 304 596 oneraris
332 557 530 608 profectus
559 568 578 594 a
600 555 828 605 Carthagine
856 554 948 592 satis
977 566 1191 604 prosperos
1218 561 1351 594 ventos
1375 557 1421 595 ad
1445 557 1534 595 trai-

132 614 312 653 ciendum
339 614 376 651 in
408 612 572 651 Siciliam
602 611 745 650 habuit.
786 611 853 649 sed
882 611 982 649 idem
1012 610 1113 648 venti
1142 624 1324 661 superare
1351 625 1438 650 eum
1462 614 1535 652 Pa—

132 671 299 721 chynum
339 668 606 720 prohibebant.
662 667 889 706 Bomilcaris
925 667 1111 705 adventus
1147 667 1248 705 fama
1284 668 1411 717 primo
1447 669 1535 707 dein

130 732 283 777 praeter
309 738 417 776 spem
446 737 555 763 mora
582 737 669 763 cum
698 724 880 774 gaudium
909 729 945 762 et
973 728 1117 762 metum
1145 723 1184 762 in
1207 724 1328 762 vicem
1350 724 1535 763 Romanis

133 782 460 833 Syracusanisque
481 781 744 832 praebuisset,
768 780 955 831 Epicydes
977 785 1172 824 metuens,
1193 792 1257 825 ne,
1281 780 1313 818 si
1336 786 1536 830 pergerent

131 838 232 877 idem
261 839 324 889 qui
350 844 432 876 tum
460 837 643 876 tenebant
672 837 717 875 ab
747 842 834 875 ortu
862 837 953 874 solis
972 837 1061 874 flare
1084 848 1151 887 per
1172 836 1251 875 dies
1275 837 1405 887 plures
1427 837 1538 883 venti,

131 895 264 934 classis
287 895 430 933 Punica
446 894 612 932 Africam
635 899 837 943 repeteret,
860 893 996 931 tradita
1014 893 1228 931 Achradina
1250 893 1536 931 mercennario-

129 963 216 990 rum
236 951 400 990 militum
419 951 580 990 ducibus
599 950 643 988 ad
662 949 914 988 Bomilcarem
933 950 1094 999 navigat.
1134 949 1296 987 classem
1316 949 1351 987 in
1371 950 1536 987 statione

130 1020 240 1046 versa
263 1008 301 1046 in
321 1008 483 1046 Africam
507 1007 709 1045 habentem
733 1012 844 1056 atque
866 1007 1062 1044 timentem
1081 1006 1210 1044 navale
1233 1006 1434 1056 proelium,
1457 1018 1538 1044 non

130 1069 209 1102 tam
228 1065 331 1114 quod
350 1065 473 1114 impar
490 1063 632 1101 viribus
651 1068 714 1101 aut
730 1075 891 1100 numero
909 1062 1062 1100 navium
1081 1067 1184 1099 esset
1200 1085 1252 1088 —
1271 1062 1412 1112 quippe
1425 1062 1537 1100 etiam

132 1121 262 1171 plures
285 1120 447 1158 habebat
467 1144 521 1147 -—
544 1132 658 1170 quam
681 1119 783 1169 quod
801 1118 900 1156 venti
918 1118 1085 1168 aptiores
1104 1118 1300 1156 Romanae
1317 1130 1429 1168 quam
1449 1131 1538 1156 suae

131 1176 242 1215 classi
265 1178 412 1222 flarent,
436 1176 603 1226 perpulit
622 1181 763 1220 tamen,
785 1179 827 1213 ut
846 1175 1041 1212 fortunam
1063 1174 1204 1212 navalis
1228 1174 1447 1212 certaminis
1470 1187 1534 1212 ex-

129 1233 245 1283 periri
266 1233 386 1270 vellet.
429 1238 464 1270 et
484 1232 696 1276 Marcellus,
717 1244 804 1269 cum
827 1236 862 1269 et
884 1230 1054 1269 Siculum
1078 1230 1285 1268 exercitum
1308 1244 1352 1269 ex
1373 1236 1451 1268 tota
1474 1231 1534 1269 in—

131 1289 211 1327 sula
240 1288 382 1326 conciri
405 1288 564 1333 videret,
594 1293 630 1325 et
652 1300 737 1325 cum
763 1287 905 1337 ingenti
928 1292 1145 1325 commeatu
1168 1287 1327 1325 classem
1351 1287 1534 1326 Punicam

131 1345 343 1390 adventare,
365 1357 412 1382 ne
434 1344 548 1382 simul
568 1348 668 1382 terra
690 1343 862 1394 marique
884 1344 1055 1382 inclusus
1078 1344 1170 1381 urbe
1191 1343 1361 1381 hostium
1381 1356 1536 1393 urgere-

130 1406 206 1447 tur,
229 1413 462 1451 quamquam
484 1401 609 1451 impar
630 1412 792 1438 numero
816 1400 968 1438 navium
992 1405 1084 1445 erat,
1107 1400 1313 1450 prohibere
1335 1400 1439 1438 aditu
1461 1399 1536 1450 Sy-

129 1470 352 1496 racusarum
379 1457 632 1495 Bomilcarem
669 1456 879 1495 constituit.
935 1457 1029 1494 duae
1064 1457 1209 1494 classes
1245 1456 1404 1494 infestae
1439 1456 1535 1494 circa

128 1514 447 1564 promunturium
470 1514 692 1564 Pachynum
716 1513 884 1558 stabant,
912 1512 977 1551 ubi
1000 1513 1123 1563 prima
1145 1512 1395 1563 tranquillitas
1420 1512 1534 1550 maris

130 1571 167 1608 in
192 1571 307 1608 altum
336 1570 541 1615 evexisset,
573 1582 842 1608 concursurae.
885 1570 1013 1619 itaque
1044 1569 1201 1607 cadente
1224 1569 1295 1607 iam
1320 1569 1442 1613 Euro,
1470 1569 1531 1619 qui

130 1638 200 1677 per
227 1627 306 1664 dies
335 1627 479 1677 aliquot
507 1626 706 1672 saevierat,
743 1626 849 1676 prior
876 1626 1066 1664 Bomilcar
1097 1625 1234 1671 movit,
1270 1625 1378 1663 cuius
1409 1625 1535 1676 primo

131 1759 167 1780 so
194 1750 381 1781 schilderte.
406 1767 451 1771 —
473 1749 635 1792 perpulit,
665 1749 796 1780 absolut
870 1749 964 1779 dahin
979 1749 1134 1788 absegeln
1155 1748 1290 1779 kounte.
1310 1766 1355 1770 ——
1372 1749 1535 1789 aptiores,

130 1795 193 1825 wie
210 1793 230 1835 ξ
246 1794 282 1831 ὃς
306 1794 333 1833 1,
351 1794 404 1833 45,
423 1793 441 1823 2
460 1794 524 1825 und
543 1798 636 1824 sonst
654 1793 711 1831 ost,
731 1794 796 1833 vgl.
870 1804 964 1824 wenn
989 1794 1039 1824 sie
1062 1804 1124 1823 von
1144 1792 1246 1824 Osten
1273 1794 1331 1823 her
1349 1793 1476 1823 kanwn.
1493 1810 1537 1815 —

131 1849 158 1870 c.
178 1838 237 1876 28,
262 1839 292 1869 5.
310 1856 355 1861 —
371 1849 484 1878 suam,
512 1839 563 1868 die
581 1848 640 1868 aus
659 1837 796 1878 Hriegs-
915 1838 1037 1869 9—10.
1063 1841 1096 1869 et
1112 1837 1175 1875 M„
1201 1839 1230 1868 in
1255 1837 1401 1877 gleiclier
1421 1837 1535 1868 &Veise

130 1883 265 1914 schiffen
284 1884 433 1914 bestand.
452 1901 495 1905 —
513 1885 595 1914 cent.
616 1885 707 1924 triga,
727 1893 752 1914 s.
768 1894 794 1913 c.

129 1927 183 1967 25,
205 1927 255 1959 13.
274 1946 319 1950 —
333 1928 420 1959 idem
438 1939 479 1967 zu,
499 1929 577 1959 nach
594 1927 615 1968 ξ
634 1928 653 1958 6
671 1929 735 1959 und
757 1927 792 1958 11

131 1973 262 2004 hindei-t
279 1973 343 2012 ihn,
362 1974 425 2004 wie
444 1973 616 2011 natiirlich,
634 1974 694 2004 der
712 1973 796 2004 Siid-

131 2018 289 2056 ostwind3
321 2019 431 2049 dieser
459 2018 581 2049 konnte
606 2018 684 2058 ihm,
714 2019 796 2049 auch

129 2073 223 2094 wenn
235 2073 272 2094 er
284 2074 346 2094 von
364 2063 526 2102 Carthago
541 2063 702 2094 zun'aclist
716 2063 794 2093 nacli

129 2107 289 2139 Heraclea
304 2109 441 2148 segelte,
463 2108 552 2139 nicht
566 2108 699 2148 giinstig
714 2108 795 2147 sein,

129 2153 271 2183 sondern
319 2154 377 2184 der
426 2152 630 2191 Westwind3
685 2153 796 2184 dieser

128 2198 253 2228 miisste
287 2199 353 2228 sich
391 2198 422 2228 in
455 2198 579 2229 Siidost
610 2202 796 2238 umgesetzt

129 2242 233 2272 haben
248 2243 311 2273 und
324 2242 574 2274 idem=iidem
587 2243 657 2274 also
673 2243 795 2274 bedeu-

128 2291 199 2318 ten:
224 2287 254 2317 in
273 2288 419 2327 gleicher
437 2287 569 2324 VVeise,
593 2289 655 2319 wie
675 2288 722 2319 sie
742 2289 793 2318 ihn

127 2333 251 2363 vorher
273 2333 521 2363 unterstijtzten
544 2344 575 2364 u.
601 2343 626 2364 s.
653 2343 712 2371 w.‚
739 2333 794 2364 be-

129 2377 268 2408 sonders
292 2378 331 2408 da
355 2378 435 2408 auch
461 2380 517 2419 qm'
541 2381 610 2409 tum
640 2380 796 2410 tenebant

128 2422 295 2461 andeutet,
314 2423 390 2453 dass
409 2423 468 2453 der
482 2422 583 2453 Wind
599 2424 721 2453 vorher
740 2423 793 2454 ein

127 2467 270 2498 auderer
287 2477 442 2507 gewesen
461 2468 526 2506 sei3
550 2468 671 2499 anders
697 2468 741 2499 ist
758 2478 793 2499 es

128 2511 149 2553 ξ
168 2511 186 2541 6
205 2523 246 2543 zu
265 2514 412 2543 nelimen.

174 2556 271 2588 6—8.
288 2557 638 2596 tenebant,anhielten.
648 2568 796 2590 -rersa

127 2603 160 2632 z'n
180 2602 279 2643 Asr.‚
306 2613 341 2633 so
365 2603 520 2642 gelegen,
548 2603 624 2633 dass
649 2613 686 2633 er
703 2604 794 2634 scine

127 2645 240 2679 Flotte
259 2648 337 2678 nach
356 2646 408 2680 Af.
424 2648 548 2679 richten
568 2648 631 2678 und
649 2648 794 2688 sogleich

870 1884 1057 1914 eutschloss
1076 1883 1142 1914 sich
1159 1882 1201 1914 M.
1219 1901 1263 1904 —
1285 1881 1434 1913 Siculum
1459 1887 1535 1920 etc„

870 1939 896 1959 s.
912 1928 932 1969 ξ
950 1929 977 1959 1.
997 1947 1038 1950 -
1056 1929 1149 1968 urbe,
1168 1929 1227 1958 der
1243 1928 1353 1958 blosse
1369 1927 1453 1968 Abi„
1472 1927 1534 1958 wie

869 1973 920 2004 bei
944 1984 980 2004 se
1005 1977 1130 2014 tenere,
1155 1974 1306 2015 recipere
1322 1983 1352 2003 u.
1373 1973 1415 2012 ii,
1435 1983 1461 2003 s„
1480 1971 1533 2009 38,

870 2018 929 2057 60,
948 2018 982 2049 6:
1009 2028 1141 2050 carcere
1162 2018 1338 2049 incluserit
1358 2028 1389 2048 u.
1408 2028 1448 2056 a.,
1467 2017 1533 2057 vgl.

870 2063 921 2102 24,
940 2062 990 2100 19,
1008 2063 1058 2095 11.
1073 2082 1112 2085 —
1130 2065 1218 2094 circa
1228 2074 1290 2106 pr„
1307 2062 1435 2093 aufder
1450 2062 1534 2093 Siid-

868 2109 932 2139 und
941 2108 1102 2139 Ostseite.
1117 2126 1160 2130 —
1172 2110 1283 2150 prima
1297 2111 1351 2143 tr„
1367 2108 1419 2138 die
1434 2112 1535 2145 erste,

868 2153 927 2184 mit
944 2154 1003 2184 der
1021 2154 1229 2194 Andeutung,
1247 2154 1322 2184 dass
1341 2153 1388 2183 sie
1407 2162 1533 2183 erwar-

870 2203 917 2230 tet
935 2199 1066 2237 wurde,
1084 2198 1150 2238 vgl.
1170 2198 1223 2237 31,
1243 2198 1296 2237 45,
1318 2197 1371 2228 12:
1391 2199 1535 2239 ubi'prz'-

866 2254 923 2275 ma
955 2244 1179 2285 tranquillitas
1207 2243 1287 2274 data
1317 2245 1385 2281 est,·
1422 2241 1535 2272 Duker

867 2299 969 2320 verm.
1001 2290 1059 2320 uhi
1083 2290 1204 2332 primo.
1235 2306 1276 2309 —
1307 2288 1473 2318 evomisset
1500 2297 1531 2317 n.

867 2333 1006 2375 classes,
1028 2338 1208 2373 gestattete
1227 2334 1256 2364 in
1276 2333 1326 2363 die
1346 2332 1451 2362 offene
1470 2331 1532 2362 See

868 2390 908 2409 zu
927 2377 1052 2411 fabren.

915 2424 1004 2454 11—
1018 2423 1067 2454 12.
1100 2422 1192 2455 Euro
1216 2432 1241 2453 S.
1267 2422 1284 2462 ξ
1310 2422 1340 2453 6.
1358 2440 1401 2443 —
1418 2422 1532 2460 movit,

867 2473 975 2500 setzte
999 2469 1065 2499 sich
1090 2468 1120 2499 in
1137 2468 1331 2506 Bewegung.
1357 2484 1401 2488 —
1419 2467 1530 2508 prlmo

867 2514 908 2544 im
928 2513 1136 2553 Gegensatze
1155 2524 1196 2543 zu
1214 2515 1372 2548 ceter-mn,
1391 2511 1442 2541 die
1461 2511 1530 2541 hds.

867 2558 1104 2601 Lesartprima
1113 2558 1224 2588 wiirde
1236 2557 1444 2594 bezeichnen,
1455 2556 1531 2586 dass

868 2614 930 2634 nur
952 2604 1010 2634 der
1028 2608 1118 2633 erste
1133 2602 1228 2633 Theil
1248 2602 1306 2632 der
1327 2600 1455 2642 Schiffe,
1473 2601 1532 2631 der

868 2650 980 2680 reclite
999 2648 1130 2688 Fliigel,
1156 2647 1208 2678 die
1234 2647 1316 2678 hohe
1334 2646 1398 2677 See
1417 2657 1458 2677 zu
1476 2655 1533 2686 ge-

1567 1241 1584 1271 9

1568 1462 1606 1493 10

1566 1578 1599 1609 11
