1784 2967
139 306 163 324 a.
178 299 228 324 Ch.
245 298 305 324 210.

592 287 719 320 LIBER
743 286 885 320 XXVII.
933 288 1025 320 CAP.
1052 290 1084 321 5.

1494 289 1542 328 13

137 391 263 430 factus
284 391 488 442 rogatione
507 390 553 429 ab
575 389 730 429 tribuno
753 389 877 441 plebis
901 402 945 429 ex
966 391 1192 430 auctoritate
1214 396 1369 443 patrum
1390 389 1440 430 ad
1460 390 1543 442 ple-

138 447 225 486 bem
247 446 331 486 lata.

250 504 348 542 Dum
371 503 466 542 haec
486 503 633 542 Romae
654 507 857 552 geruntur,
879 503 926 541 M.
949 502 1118 542 Valerius
1141 503 1417 555 quinquaginta
1437 503 1543 543 navi-
1573 512 1592 544 8

137 561 209 599 bns
232 572 320 599 cum
342 564 428 598 ante
448 560 572 598 lucem
592 559 638 597 ad
655 558 822 598 Africam
846 558 1092 606 accessisset,
1119 560 1319 611 inproviso
1348 560 1387 598 in
1408 572 1544 611 agrum

140 617 363 656 Uticensem
393 615 661 654 escensionem
690 615 796 663 fecit3
833 627 999 666 eumque
1025 615 1098 654 late
1126 616 1382 667 depopulatus
1413 616 1544 656 multis
1575 624 1594 656 9

139 672 366 712 mortalibus
399 684 486 710 cum
514 671 585 711 alia
612 672 740 710 omnis
763 673 915 722 generis
938 672 1077 723 praeda
1100 672 1221 723 captis
1243 673 1289 710 ad
1311 684 1426 711 naves
1448 673 1547 712 redit

139 735 176 768 et
200 729 271 779 [ad]
297 727 462 767 Siciliam
484 728 661 775 tramisit,
681 729 793 767 tertio
816 729 979 767 decumo
1003 728 1076 775 die,
1099 741 1213 779 quam
1236 728 1436 780 profectus
1458 729 1547 768 inde

137 792 230 831 erat,
253 785 473 836 Lilybaeum
490 790 677 824 revectus.
700 797 746 823 ex
764 785 921 836 captivis
940 785 1167 836 quaestione
1182 785 1310 824 habita
1325 785 1420 824 haec
1436 798 1546 824 com-
1580 793 1619 825 10

137 847 244 892 perta
267 841 492 892 consulique
509 841 673 880 Laevino
698 841 827 880 omnia
852 841 987 880 ordine
1010 841 1239 893 perscripta,
1263 847 1305 881 ut
1321 841 1448 887 sciret,
1471 854 1547 893 quo

137 898 177 936 in
199 903 299 937 statu
315 897 465 937 Africae
485 910 547 936 res
564 903 712 937 essent:
735 899 906 949 quinque
923 898 1038 937 millia
1055 898 1309 937 Numidarum
1329 910 1416 937 cum
1432 898 1549 937 Masi—
1580 905 1616 938 11

136 955 240 994 nissa
263 954 375 993 Galae
395 954 495 1000 filio,
523 955 711 993 acerrimo
733 955 887 1001 iuvene,
914 954 1142 1005 Carthagine
1164 967 1266 999 esse,
1297 959 1336 993 et
1361 954 1458 993 alios
1479 967 1549 1006 per

136 1016 257 1050 totam
286 1011 451 1049 Africam
481 1011 621 1050 milites
650 1011 827 1050 mercede
856 1011 1040 1059 conduci,
1078 1011 1142 1061 qui
1178 1011 1217 1049 in
1245 1010 1470 1061 Hispaniam
1502 1011 1547 1049 ad

137 1067 414 1106 Hasdrubalem
437 1067 712 1114 traicerentur,
743 1073 785 1106 ut
815 1067 847 1106 is
880 1080 994 1118 quam
1029 1067 1198 1105 maximo
1230 1067 1399 1106 exercitu
1420 1067 1547 1117 primo
1580 1075 1620 1106 12

138 1136 292 1175 quoque
320 1128 498 1175 tempore
525 1124 563 1162 in
589 1124 733 1162 Italiam
761 1129 1032 1174 transgressus
1062 1123 1238 1173 iungeret
1265 1136 1306 1162 se
1327 1122 1548 1162 Hannibali:

94 1189 105 1196 '
145 1182 183 1219 in
207 1193 252 1219 eo
276 1181 446 1231 positam
468 1180 667 1219 victoriam
690 1181 844 1219 credere
865 1179 1221 1230 Carthaginienses3
1249 1180 1413 1219 classem
1436 1191 1549 1231 prae·
1582 1186 1622 1218 13

136 1243 238 1275 terea
260 1239 455 1287 ingentem
478 1237 657 1287 apparari
679 1236 724 1275 ad
743 1236 910 1275 Siciliam
929 1236 1193 1288 repetendam,
1218 1249 1380 1287 eamque
1402 1249 1444 1275 se
1467 1248 1551 1275 cre-

137 1293 226 1331 dere
247 1292 352 1331 brevi
373 1292 629 1332 traiecturam.
671 1293 766 1332 haec
786 1292 941 1332 recitata
964 1306 983 1332 a
1007 1293 1164 1332 consule
1186 1292 1236 1331 ita
1258 1305 1414 1332 movere
1435 1304 1551 1331 sena·
1585 1298 1625 1329 14

138 1355 232 1394 tum,
255 1354 296 1388 ut
312 1361 391 1388 non
407 1348 642 1403 expectanda
660 1349 815 1388 comitia
832 1350 984 1388 consuli
1002 1354 1217 1396 censerent,
1237 1350 1303 1388 sed
1321 1349 1551 1388 dictatorem

141 1405 388 1444 comitiorum
410 1405 679 1445 habendorum
702 1418 817 1445 causa
839 1405 933 1453 dici,
962 1412 999 1445 et
1026 1406 1219 1457 extemplo
1253 1405 1292 1444 in
1313 1405 1552 1457 provinciam

138 1541 259 1573 Ascou.
284 1541 315 1572 in
335 1540 446 1572 Pison.
466 1540 486 1582 ξ
505 1541 564 1572 521
589 1540 708 1574 Varro
726 1552 808 1583 quo-

139 1596 201 1628 que
222 1587 256 1617 z'n
279 1586 365 1619 libro
388 1585 444 1617 III
463 1586 504 1618 de
525 1588 593 1618 vita
613 1597 647 1629 p.
666 1586 719 1627 R„
744 1596 807 1629 qno

139 1631 207 1663 Ioco
222 1632 341 1673 refert,
351 1642 450 1673 quam.
462 1632 713 1673 gratassuerz't
725 1642 810 1673 erga

140 1678 220 1707 bene
235 1677 387 1718 meritos,
405 1676 495 1717 dicit,
511 1676 551 1708 M
551 1678 658 1708 uttiuz'
670 1695 715 1699 —
732 1679 810 1709 civi-

140 1724 243 1752 tatem
256 1721 445 1753 Romanam
462 1721 577 1753 datam
592 1725 625 1753 et
637 1724 809 1766 pecuniam

142 1776 185 1797 aaz·
201 1768 353 1804 aerari03
373 1766 484 1806 Lange
502 1766 533 1807 2,
548 1767 628 1798 ⁷579.

186 1810 308 1842 s—lo.
324 1821 450 1842 escens.
469 1810 600 1852 s.S,17,
625 1812 662 1850 93
686 1810 740 1850 27,
755 1811 809 1852 29,

142 1856 179 1893 ῖς
205 1855 258 1895 28,
274 1855 301 1897 S,
322 1856 359 1895 83
388 1856 440 1895 37,
459 1856 510 1896 17,
525 1856 560 1887 3:
584 1858 811 1888 escensionem

140 1901 185 1933 ad
207 1900 341 1932 lassum
360 1902 539 1942 fecerunt.
561 1919 605 1923 —
631 1901 707 1941 [ud]
730 1900 810 1943 Sic„

140 1950 223 1977 stutt
241 1946 299 1977 des
317 1946 428 1977 hdsch.
447 1947 548 1977 durch
563 1946 609 1978 ad
619 1957 719 1978 naves
734 1956 810 1977 ver-

139 1991 307 2022 anlassten
326 1991 371 2022 acl
381 1989 448 2022 Sic.
462 1992 507 2022 ist
522 1993 556 2023 in
569 1990 635 2023 Sic.
650 2002 691 2022 zu
705 1991 809 2031 lesen,

139 2037 220 2067 oder
238 2036 318 2067 nach
332 2035 371 2067 H.
386 2036 515 2078 Sauppe
534 2037 585 2067 die
600 2036 811 2078 Priiposition

139 2092 180 2112 zu
198 2080 317 2122 tilgen,
343 2091 370 2112 s.
389 2091 416 2112 c.
434 2081 470 2121 4,
489 2080 520 2112 6.
547 2081 677 2113 Anders
694 2082 738 2112 ist
755 2081 810 2120 21,

140 2126 192 2165 51,
211 2127 242 2157 4.
261 2145 303 2149 —
335 2126 429 2169 prof.
447 2128 467 2158 ί,
487 2129 578 2167 erat,
603 2126 753 2167 obgleich
771 2126 808 2158 L.

139 2172 195 2202 das
226 2169 480 2203 Hiilfszeitwort
506 2173 589 2213 auch
618 2172 650 2203 in
675 2171 810 2203 Neben-

140 2216 256 2246 siitzen
274 2216 445 2247 bisweilen
465 2216 552 2248 nicht
567 2227 640 2248 zum
653 2216 807 2259 Particip.

140 2258 324 2299 hinzufiigt,
343 2271 368 2291 s.
388 2271 429 2292 zu
447 2260 507 2301 22,
531 2261 585 2300 20,
605 2262 640 2300 (ὂς
659 2262 702 2293 ib.
720 2262 751 2301 5,
770 2263 807 2301 (53

140 2305 808 2347 21,15,,3;29,1(),1;10,30,4;11133,

140 2352 177 2390 6,
203 2350 243 2381 ib.
265 2350 292 2390 1,
313 2351 348 2388 ὂς
372 2350 422 2390 17,
441 2351 478 2388 93
503 2361 539 2382 so
557 2352 647 2383 wiire
666 2353 747 2383 doch
765 2362 807 2383 an

140 2406 170 2427 u.
190 2395 239 2426 St.
254 2396 434 2438 profectas
447 2395 551 2426 neben
564 2399 719 2429 revectus
733 2398 809 2429 hart

140 2441 203 2472 und
227 2440 365 2478 uuklar,
385 2443 468 2480 erat,
494 2451 520 2472 s.
540 2452 566 2471 c.
587 2440 645 2481 28,
664 2442 692 2481 7,
711 2443 755 2473 ist
777 2442 807 2473 in

140 2496 285 2517 neueren
310 2485 385 2517 Hss.
412 2484 636 2526 hinzugeffigt.
655 2505 698 2508 —
716 2497 810 2518 reve-

141 2534 230 2568 ctus,
255 2541 292 2561 so
311 2531 404 2569 dass,
423 2531 529 2561 indem
545 2541 581 2561 er
596 2531 808 2572 zuriickfuhr,

141 2586 166 2607 s.
190 2575 249 2614 21,
277 2575 310 2616 1,
335 2576 370 2615 53
389 2575 448 2615 25,
472 2575 532 2615 23,
556 2576 586 2607 7.
610 2594 654 2599 —
677 2580 808 2619 quaest.

140 2621 225 2659 hab„
243 2631 268 2652 5.
288 2631 315 2652 6.
334 2620 364 2660 3,
383 2621 414 2652 5.
428 2639 473 2643 -
487 2621 612 2661 ordine,
632 2621 690 2661 24,
709 2622 760 2662 24,
778 2622 809 2654 6.

189 2665 331 2698 11-13,
366 2676 441 2698 cum
465 2665 608 2705 Massa„
627 2671 726 2698 unter
743 2667 807 2706 M.;

142 2721 202 2742 zur
230 2711 333 2742 Sache
365 2711 416 2750 25,
450 2710 502 2751 34,
534 2711 570 2750 23
604 2711 657 2750 24,
682 2711 735 2743 49.
765 2729 810 2735 —

880 1551 982 1573 merc.
1002 1551 1087 1581 con„
1113 1541 1166 1572 bei
1193 1541 1358 1580 anderen,
1387 1539 1552 1580 Carthago

882 1586 972 1617 nicht
1002 1584 1293 1624 unterworfenen,
1321 1586 1464 1617 sondern
1492 1595 1554 1616 nur

882 1631 1110 1663 verbiindeten
1145 1632 1227 1663 oder
1254 1629 1360 1662 freien
1389 1630 1554 1670 Vo'lkern,

882 1677 972 1708 nicht
988 1677 1090 1708 allein
1104 1676 1297 1715 Numidem,
1315 1677 1367 1707 die
1381 1686 1444 1707 nur
1458 1675 1554 1706 einen

882 1721 979 1753 Theil
992 1723 1049 1753 des
1064 1722 1254 1753 nordlichen
1264 1720 1387 1761 Africa,
1403 1731 1465 1752 von
1481 1721 1554 1752 dem

877 1766 998 1807 jedoch
1022 1767 1205 1798 besonders
1230 1767 1282 1798 die
1307 1766 1397 1798 Rede
1428 1766 1489 1804 ist,
1515 1766 1555 1796 da

884 1814 956 1843 tota
980 1812 1071 1843 nicht
1094 1812 1202 1852 urgirt
1225 1812 1358 1842 werden
1382 1809 1471 1851 darf,
1494 1810 1556 1841 be·-

883 1857 1035 1895 wohnen,
1054 1857 1198 1898 sqndern
1216 1857 1298 1887 auch
1316 1855 1467 1896 Maur-eu,
1485 1856 1554 1895 vgl.

884 1900 937 1943 29,
966 1901 997 1940 4,
1021 1901 1050 1933 2.
1079 1919 1123 1924 —-
1143 1901 1239 1944 Hisp.
1271 1905 1353 1939 etc.,
1384 1901 1473 1932 nicht
1496 1911 1555 1931 un-

883 1947 1054 1977 mittelhar
1067 1957 1109 1977 zu
1117 1946 1290 1986 Hannibal,
1300 1946 1442 1978 sondern
1452 1945 1554 1976 durch

885 1990 1031 2033 Gallien,
1058 1991 1134 2023 weil
1156 1992 1267 2023 dieser
1293 1990 1381 2030 Weg
1406 1991 1555 2022 sicher-er

885 2037 1014 2077 sehien,
1045 2037 1126 2068 oder
1148 2038 1230 2068 nach
1257 2037 1330 2068 dem
1354 2035 1553 2076 Rriegsplan

884 2082 944 2113 der
972 2081 1095 2113 Punier
1117 2081 1199 2113 Rom
1228 2092 1293 2112 von
1324 2081 1408 2112 zwei
1438 2080 1553 2112 Seiten

883 2125 1114 2168 auzugreifem
1138 2127 1198 2158 der
1217 2126 1338 2167 jedoeh
1356 2127 1422 2158 seit
1439 2126 1492 2166 23,
1511 2126 1553 2157 26

884 2173 973 2204 nicht
994 2172 1147 2203 erw'zihnt
1164 2172 1219 2204 ist.
1237 2189 1281 2194 —-
1298 2173 1330 2203 in
1349 2182 1386 2203 eo
1405 2175 1480 2211 etc.,
1499 2169 1558 2202 auf

883 2218 943 2249 der
966 2217 1193 2257 Vereinigung
1221 2217 1335 2247 beider
1357 2216 1553 2257 Feldherrn,

883 2263 1008 2293 welche
1026 2262 1078 2293 die
1097 2262 1282 2301 Besiegung
1299 2262 1359 2292 der
1374 2266 1554 2302 entgegen-

883 2308 1063 2339 stehenden
1103 2307 1211 2338 Heere
1250 2310 1476 2337 voraussetzt.
1508 2324 1553 2329 —

882 2355 1005 2396 repet.,
1035 2352 1161 2382 wieder
1190 2362 1230 2382 zu
1259 2352 1445 2391 gewinnen.
1485 2351 1554 2382 Der

883 2397 1022 2429 Verlust
1046 2397 1106 2428 der
1118 2395 1205 2427 Insel
1223 2397 1286 2427 und
1300 2396 1551 2436 Neucarthagos

881 2443 1034 2474 scheinen
1051 2442 1102 2472 die
1121 2443 1301 2481 grb'sseren
1319 2441 1550 2481 Anstrengun-

880 2498 943 2528 gen
962 2487 1151 2518 veranlasst
1169 2497 1209 2517 zu
1224 2486 1341 2518 haben.

930 2532 1084 2563 14—15.
1135 2531 1334 2574 ewpectmzd.
1358 2549 1402 2553 —
1427 2531 1551 2563 dici—

884 2577 972 2616 νεώ,
998 2577 1028 2616 2,
1055 2577 1085 2615 5,
1114 2577 1148 2614 1;
1182 2576 1235 2616 26,
1267 2576 1326 2616 32,
1353 2575 1385 2607 2.
1425 2576 1472 2608 Da
1497 2577 1549 2608 die

883 2622 1044 2653 Comitien
1063 2626 1134 2652 erst
1152 2622 1273 2652 vorher
1289 2626 1450 2661 angesagt
1464 2632 1551 2653 wer-

884 2668 944 2698 den
959 2671 1118 2705 mussten,
1134 2677 1159 2698 s.
1176 2677 1202 2697 6.
1219 2666 1289 2707 6,2,
1303 2667 1394 2698 h'atte
1408 2667 1551 2698 dariiber

883 2712 1020 2752 langere
1045 2711 1121 2743 Zeit
1151 2712 1318 2751 vergehen
1342 2711 1484 2745 konnen.
1506 2730 1550 2735 —-
