1784 2967
257 252 310 292 48
708 250 834 284 LIBER
858 251 1000 285 XXVII.
1049 251 1143 284 CAP.
1172 252 1224 284 17.

1516 269 1541 288 a.
1555 269 1583 287 u.
1598 261 1660 288 545.

256 353 423 393 coniunx
452 352 640 404 liberique
667 352 749 392 eius
771 354 870 404 apud
892 354 1112 401 Roman0s3
1141 353 1206 393 sed
1229 358 1382 405 praeter
1401 366 1484 393 eam
1507 366 1661 393 causam

256 411 369 449 etiam
393 409 494 448 velut
509 409 666 448 fortuita
684 410 876 449 inclinatio
895 410 1128 457 animorum,
1152 423 1248 461 quae
1262 410 1486 461 Hispaniam
1505 423 1662 449 omnem

208 471 227 503 3
256 470 441 505 averterat
470 466 516 504 ad
545 466 766 506 Romanum
797 480 817 506 a
846 466 993 506 Punico
1023 467 1205 518 imperio,
1241 467 1356 506 traxit
1382 479 1482 506 eum.

1529 467 1660 506 eadem

257 535 371 561 causa
403 522 556 561 Indibili
585 523 873 574 Mandonioque
901 523 991 570 fuit,
1023 524 1123 563 haud
1158 523 1270 562 dubie
1301 524 1428 562 omnis
1457 523 1662 574 Hispaniae

256 577 516 629 principibus,
543 591 629 618 cum
653 581 759 619 omni
781 580 1026 631 popularium
1049 592 1166 619 manu
1187 580 1318 619 relicto
1340 579 1578 619 Hasdrubale
1600 592 1661 618 se-

258 634 417 674 cedendi
438 635 477 673 in
498 635 738 675 imminentis
761 636 898 675 castris
921 636 1002 675 eius
1019 637 1202 682 tumulos
1223 637 1326 676 unde
1343 649 1412 687 per
1428 636 1665 675 continentia

207 698 228 729 4
255 692 340 742 iuga
362 696 468 730 tutus
491 697 670 743 receptus
693 693 737 731 ad
756 693 955 731 Romanos
977 698 1093 731 esset.
1129 693 1358 740 Hasdrubal,
1382 705 1469 732 cum
1491 692 1662 731 hostium

254 760 316 786 res
345 748 462 787 tantis
484 761 689 798 augescere
710 747 960 787 incrementis
983 754 1165 797 cerneret,
1182 762 1273 788 suas
1295 748 1490 795 imminui,
1518 762 1562 788 ac
1581 749 1664 788 fore

257 809 307 851 ut,
329 804 407 842 nisi
429 805 606 842 audendo
628 805 768 855 aliquid
791 810 976 853 moveret,
999 818 1072 856 qua
1097 807 1329 857 coepissent,
1352 807 1527 852 fluerent,
1550 805 1664 843 dimi-

209 869 227 900 5
257 873 341 899 care
363 872 475 911 quam
500 860 669 911 primum
693 861 836 900 statuit.
873 861 1002 912 Scipio
1025 862 1172 901 avidior
1193 862 1305 902 etiarn
1328 862 1548 901 certaminis
1570 865 1663 908 erat,

257 929 343 956 cum
367 930 385 955 a
409 929 478 967 spe
501 930 613 968 quam
635 930 839 956 successus
857 930 988 956 rerum
1007 918 1178 968 augebat,
1200 924 1282 957 tum
1300 920 1416 969 quod,
1436 919 1664 970 priusquam

256 974 507 1024 iungerentur
528 974 700 1013 hostium
723 974 924 1021 exereitus,
948 987 1034 1013 cum
1058 986 1136 1013 uno
1159 975 1340 1014 dimicare
1363 976 1458 1014 duce
1475 975 1664 1013 exercitu-

208 1039 226 1069 6
258 1043 331 1080 que
358 1042 472 1080 quam
502 1031 616 1069 simul
637 1044 723 1070 cum
752 1031 942 1069 universis
964 1031 1145 1070 malebat.
1187 1036 1377 1077 ceterum,
1405 1031 1553 1070 etiamsi
1577 1043 1664 1069 cum

255 1086 432 1138 pluribus
462 1087 606 1137 pariter
627 1087 887 1126 dimicandum
909 1088 1026 1133 foret,
1054 1092 1135 1126 arte
1156 1087 1321 1138 quadam
1345 1088 1477 1138 copias
1495 1092 1663 1126 auxerat.

256 1155 342 1182 nam
373 1155 459 1181 cum
490 1143 636 1182 videret
663 1144 809 1182 nullum
838 1157 924 1182 esse
952 1144 1106 1182 navium
1131 1157 1246 1182 usum
1262 1176 1270 1190 ,
1293 1144 1381 1195 quia
1404 1157 1517 1183 vacua
1536 1143 1664 1182 omnis

257 1199 465 1249 Hispaniae
501 1211 567 1238 ora
596 1200 784 1239 classibus
814 1199 970 1239 Punicis
996 1207 1081 1239 erat
1106 1200 1307 1239 subductis
1338 1201 1498 1239 navibus
1525 1201 1666 1239 Tarra-

258 1267 354 1294 cone
388 1256 533 1294 navalis
570 1256 700 1295 socios
733 1257 984 1296 terrestribus
1020 1257 1142 1307 copiis
1182 1257 1339 1296 addidit.

1397 1262 1433 1295 et
1464 1268 1663 1295 armorum

256 1312 411 1350 adfatim
443 1317 538 1357 crat,
562 1318 599 1351 et
629 1320 830 1364 captorum
860 1312 1089 1363 Carthagine
1118 1320 1268 1363 ecquae
1296 1318 1388 1364 post
1410 1318 1559 1364 captam
1582 1324 1664 1351 eam

207 1372 226 1403 8
255 1368 397 1407 fecerat
417 1373 523 1407 tanto
546 1370 729 1420 opificum
751 1382 912 1409 numero
933 1369 1093 1408 incluso.
1134 1381 1221 1408 cum
1239 1370 1285 1408 iis
1309 1369 1431 1420 copiis
1450 1369 1579 1420 Scipio
1601 1382 1664 1407 ve-

256 1517 283 1537 c
312 1505 368 1537 34:
411 1503 530 1546 λαβὼν
568 1513 737 1547 onraymi
742 1501 847 1545 eorhv
887 1502 926 1535 ἐκ

255 1548 495 1601 ταυτομάτου
501 1568 544 1572 -
556 1547 715 1581 Έδεκῶν
710 1560 739 1580 ἀ
754 1547 819 1582 τὸν
828 1546 925 1580 Ἐδε-

255 1606 375 1628 ravon
405 1592 601 1635 δυνάστην.
630 1612 674 1617 --
701 1595 800 1626 zelat.
819 1595 924 1635 fort„

255 1641 292 1672 L.
313 1642 440 1672 scheint
456 1640 536 1671 auch
556 1640 641 1681 hier,
666 1640 729 1670 wie
749 1639 802 1678 26,
822 1640 874 1679 20,
895 1639 925 1678 6,

256 1687 328 1717 eine
344 1685 568 1717 li'ohereEinw
575 1685 693 1724 iikung
707 1664 926 1724 anzudeut'en‚

256 1732 316 1762 den
342 1731 549 1762 natiirlichen
569 1729 681 1761 Grund
700 1730 791 1769 giebt
809 1729 925 1782 Polyb

256 1776 277 1807 l
296 1777 317 1807 l.
338 1771 843 1817 σιλλομσάμενός(Εὸεκώι)
861 1785 925 1816 την

256 1820 439 1865 ἕσοιιέιηι
464 1821 512 1859 (in
534 1820 637 1859 Folge
656 1821 714 1850 der
731 1820 926 1859 Eroberung

255 1866 450 1906 Carthagos)
468 1866 538 1897 τῶι
554 1861 927 1917 Ἰβήρωνματαβολὴν

255 1909 417 1963 ἀρχηγὸς
449 1907 632 1951 ἐβουλήθη
667 1910 728 1950 τῆς
756 1908 926 1950 τοιαύτης

255 1953 387 2007 ὁρμῆς,
412 1953 576 1999 μάλιστα
593 1955 847 1999 πεπεισμένος
865 1951 924 1987 οὕ-

255 2013 304 2032 τω
322 1998 387 2041 τὴν
403 2011 470 2042 702¹
474 2003 558 2032 αἴκα
574 2019 618 2023 —
635 2002 868 2040 κομιεῖσθαι,
895 2001 926 2033 εἰ

257 2042 360 2083 δόξαι
379 2043 421 2076 οὐ
440 2042 518 2076 κατ’
540 2042 707 2095 ἀνάγκην
723 2042 813 2076 ἀλλὰ
833 2042 925 2077 κατὰ

257 2088 444 2132 πρόθεσιν
463 2090 650 2121 aiosfo‘icct
670 2087 713 2120 τὰ
725 2086 926 2134 Ῥωμαίων.

302 2135 412 2166 3—4.
440 2134 555 2166 eadem
574 2145 600 2167 c
610 2134 702 2173 ,2‹5,
726 2135 785 2173 49,
814 2135 864 2166 13.
882 2152 927 2157 —

254 2180 478 2222 p7¹tnci.,p‚25
494 2179 545 2218 34,
560 2179 591 2209 6.
606 2179 830 2222 -ροριιῖαφκ,
844 2179 927 2210 Iler-

256 2230 365 2265 geten.
387 2244 428 2247 —
447 2224 618 2256 seeeclend.
623 2224 780 2267 ‚Pomm
798 2221 926 2260 νικτὸς

256 2279 506 2321 απεχωρησαν
541 2270 592 2305 εἴς
620 2280 720 2305 τινας
749 2268 927 2322 ἐουμνοὺς

256 2312 396 2351 τόποις
434 2316 493 2346 καὶ
537 2313 767 2358 ὃιναιιένους
804 2312 928 2351 αὐτοῖς

256 2359 322 2401 τὴν
343 2356 554 2403 ασᾳαλειαν
568 2357 870 2402 παωασκευάζειν.
883 2378 928 2382 —

258 2408 398 2446 conti.,n
427 2406 495 2436 sich
529 2405 596 2443 (bis
621 2415 661 2436 an
683 2406 740 2436 das
766 2405 926 2436 ib'misclie

258 2450 394 2487 Gebiet)
427 2451 641 2481 hinziehende
667 2450 858 2490 Bergkette.
884 2468 928 2472 ——

256 2495 391 2536 aliquod
407 2506 499 2537 mou,
520 2506 545 2527 s.
566 2506 592 2526 c.
612 2495 666 2534 24,
686 2495 723 2533 93
743 2495 795 2535 28,
815 2494 867 2535 36,
887 2496 926 2532 53

257 2540 294 2578 4,
313 2540 349 2571 21
364 2565 372 2580 ,
390 2540 424 2570 3:
448 2542 577 2581 favore
592 2542 736 2571 nominis
753 2543 928 2572 moturum

257 2595 293 2615 se
322 2585 448 2626 aliquid
478 2589 590 2626 ναΐας,
626 2586 698 2616 eine
730 2586 927 2625 Bewegung,

259 2629 500 2670 Veriinderung
517 2631 739 2662 veranlusste.
755 2649 799 2653 —-
813 2631 926 2672 quain

258 2674 317 2704 der
332 2673 508 2714 Richtung,
528 2676 599 2716 Art,
620 2676 693 2706 wie.
712 2675 926 2716 —stzterent,

998 1503 1198 1536 forttliessen
1213 1505 1276 1535 und
1291 1514 1327 1534 so
1343 1503 1410 1534 sich
1427 1501 1666 1542 aufliisen,alle

998 1549 1153 1589 Haltung,
1171 1547 1269 1581 Kraft
1285 1549 1463 1589 vei-lieren,
1482 1548 1547 1588 vgl.
1568 1549 1595 1590 7,
1614 1548 1665 1590 29,

999 1596 1037 1632 53
1071 1595 1115 1627 ib.
1150 1593 1209 1634 33,
1242 1594 1297 1625 14:
1328 1593 1437 1634 fluere
1464 1593 1667 1626 lassitudine

999 1650 1098 1671 mres.

1047 1685 1156 1715 5—7.
1182 1695 1202 1716 a
1219 1695 1292 1727 spe,
1319 1694 1345 1715 s.
1364 1694 1391 1715 c.
1410 1683 1469 1722 28,
1494 1683 1534 1721 6;
1558 1682 1617 1722 28,
1637 1683 1667 1724 7,

1001 1729 1038 1768 93
1066 1730 1128 1770 24,
1147 1729 1199 1769 31,
1221 1729 1277 1760 12;
1302 1740 1323 1760 a
1338 1728 1584 1770 misericordia,
1602 1727 1668 1768 vgl.

998 1774 1051 1812 30,
1067 1774 1097 1813 6,
1119 1774 1146 1806 1.
1161 1793 1205 1797 ———
1223 1785 1321 1816 quam
1337 1779 1413 1815 etc.,
1429 1774 1479 1805 die
1494 1773 1667 1813 Hoffnung,

997 1820 1124 1851 welche
1149 1819 1259 1861 Scipio
1282 1820 1404 1851 vorher
1427 1819 1527 1850 sehon
1557 1819 1668 1858 liegte,

999 1875 1069 1896 war
1093 1865 1194 1896 durch
1219 1866 1270 1896 die
1288 1863 1425 1905 Erfolge
1444 1865 1525 1895 noch
1543 1864 1670 1903 gestei-

998 1915 1083 1951 gert,
1103 1911 1154 1941 die
1172 1920 1209 1941 er
1227 1910 1351 1941 bereits
1368 1909 1488 1950 gehabt
1506 1910 1607 1940 hatte.
1627 1927 1668 1932 —-

997 1958 1200 1997 iungerent„
1218 1955 1369 1987 ressexiv.
1385 1973 1429 1978 —
1443 1956 1602 1993 univers„
1620 1953 1670 1985 al-

998 2001 1051 2032 len
1076 2000 1222 2039 (dreien)
1249 2010 1447 2031 zusammen.
1471 2018 1516 2022 -—
1539 2000 1673 2030 etiamsi

1000 2050 1079 2076 etc.:
1107 2046 1187 2076 auch
1211 2044 1265 2076 fiir
1289 2046 1350 2076 den
1368 2045 1444 2076 Fan
1463 2045 1559 2082 dass3
1586 2044 1669 2075 kurz

999 2094 1098 2121 statt:
1115 2092 1266 2121 aamerat
1282 2091 1406 2132 copias,
1425 2092 1463 2121 ut
1480 2091 1616 2120 etiamsi
1627 2106 1671 2111 ——

999 2134 1228 2166 dz'mz’candmn
1240 2135 1356 2176 foret,
1371 2144 1435 2177 par
1453 2145 1527 2165 esse
1540 2136 1668 2177 posset,

1000 2190 1025 2210 s.
1045 2178 1084 2219 3,
1104 2179 1162 2218 70,
1186 2180 1235 2210 15.
1254 2181 1501 2222 —parz'ter,s.
1520 2179 1573 2219 22,
1592 2179 1622 2218 4,
1639 2178 1669 2210 6.

998 2243 1043 2247 —
1072 2234 1194 2262 vacum
1226 2224 1341 2266 Polyb.
1373 2235 1400 2256 c.
1426 2224 1487 2275 35:
1517 2224 1670 2276 Ίεωρῶν

1001 2266 1109 2301 οὐδὲν
1141 2266 1347 2301 ἀιτίπαλον
1378 2266 1549 2312 ὑπάρχον
1577 2280 1667 2300 κατα

1000 2311 1202 2347 armatum.
1233 2333 1279 2337 —
1310 2315 1475 2346 classzbas
1508 2319 1587 2355 etc„
1617 2313 1668 2345 d‘ie

1000 2359 1245 2411 Erg‘anzungen
1277 2360 1317 2391 im
1347 2360 1441 2399 Folg.
1467 2359 1574 2390 finden
1600 2359 1669 2390 sich

1001 2405 1099 2436 meist
1117 2415 1153 2436 so
1172 2406 1202 2436 in
1218 2405 1382 2445 jiingeren
1403 2405 1489 2443 Hss.,
1508 2414 1548 2435 an
1567 2415 1598 2435 u.
1618 2404 1667 2435 St.

1001 2450 1085 2481 kann
1105 2453 1181 2482 erat
1205 2451 1293 2482 nicht
1310 2450 1374 2480 wol
1398 2448 1526 2488 fehlen,
1546 2459 1572 2480 s.
1593 2460 1619 2480 c.
1637 2449 1668 2489 5,

1001 2497 1032 2526 9.
1050 2513 1095 2517 -
1111 2495 1275 2535 subduci„
1294 2495 1347 2535 23,
1367 2495 1419 2533 40,
1438 2494 1468 2527 2.
1485 2493 1669 2525 —navalis

1000 2551 1040 2578 s.,
1060 2541 1122 2571 wie
1138 2540 1190 2579 26,
1206 2540 1257 2581 48,
1273 2540 1308 2571 6:
1327 2541 1489 2582 corporis,
1505 2550 1530 2570 s.
1547 2539 1600 2576 21,
1614 2538 1668 2578 49,

1002 2586 1018 2615 ῖ
1038 2596 1066 2616 3.
1088 2585 1141 2623 Ε.,
1166 2586 1223 2616 das
1244 2584 1440 2625 Gegentlieil
1464 2584 1525 2623 22,
1555 2583 1609 2619 19,
1635 2583 1667 2614 4.

1001 2629 1065 2660 Das
1091 2630 1183 2669 Folg.
1217 2631 1247 2660 in
1277 2631 1338 2660 den
1364 2630 1438 2661 Hss.
1467 2626 1667 2666 liickenhaft

1001 2675 1044 2706 ist
1057 2685 1116 2706 aus
1131 2674 1185 2715 26,
1203 2675 1256 2715 49,
1273 2674 1344 2715 3ff.,
1360 2675 1400 2705 ib.
1417 2674 1469 2714 51,
1485 2673 1665 2713 Serganzt.
