1784 2967
152 460 205 500 35

180 638 198 669 ὲὺ

632 245 757 278 LIBER
782 245 936 279 xxvllt.
986 247 1079 278 CAP.
1107 247 1235 278 3135.
1491 254 1631 281 a.u.548.

232 247 312 287 20ss

228 354 400 400 pei-atam
423 348 625 400 pecuniam
647 348 826 399 Ilergetes
849 354 1187 400 pernumerarent‚
1214 361 1301 388 cum
1323 349 1508 400 expeditis
1529 348 1634 386 Mar-

231 407 331 444 cium
353 407 426 444 iam
451 405 830 456 adpropinquantem
853 405 1006 445 Oceano
1028 406 1264 456 adsequitur.

342 462 523 501 Incohata
543 474 605 500 res
628 462 704 500 iam
726 467 812 500 ante
834 463 880 501 de
896 462 1096 501 Masinissa
1114 463 1196 501 aliis
1213 467 1327 512 atque
1344 462 1490 500 aliis-de
1506 461 1632 501 causis

230 519 340 558 dilata
363 524 453 564 erat,
475 519 577 570 quod
600 518 764 557 Numida
785 531 870 557 cum
894 519 980 570 ipso
1003 520 1133 570 utique
1156 518 1338 569 congredi
1362 519 1544 569 Scipione
1563 531 1632 556 vo-

229 576 330 613 lebat
350 581 462 626 atque
483 575 565 613 eius
588 575 719 614 dextra
741 576 854 614 fidem
877 576 1047 615 sancire:
1076 589 1117 614 ea
1145 581 1226 614 tum
1258 575 1406 614 itineris
1428 580 1506 613 tam
1527 575 1632 625 longi

230 645 272 670 ac
300 637 377 670 tam
408 632 505 670 devii
533 644 646 670 causa
669 631 840 682 Scipioni
867 632 949 671 fuit.
991 630 1191 671 Masinissa
1215 645 1300 671 cum
1325 631 1493 670 Gadibus
1516 636 1632 677 esset,

230 689 370 727 certior
390 689 594 727 adventare
612 701 699 726 eum
717 701 736 726 a
754 689 893 727 Marcio
910 689 1046 732 factus,
1071 689 1276 734 causandO,
1294 688 1491 739 corrumpi
1508 700 1629 738 equos

229 746 400 783 inclusos
427 745 466 783 in
494 744 618 783 insula
646 745 925 795 penuriamque
947 745 1121 783 omnium
1142 758 1269 784 rerum
1293 749 1329 783 et
1349 745 1475 783 facere
1498 745 1633 783 ceteris

230 810 265 840 et
282 802 390 852 ipsos
408 801 566 844 sentire,
589 801 635 839 ad
653 802 727 839 hoc
743 801 909 851 equitem
928 814 1165 840 marcescere
1183 802 1338 846 desidia,
1355 798 1524 840 Poenum
1540 813 1634 851 per—

229 859 342 908 pulit,
370 863 413 896 ut
440 870 480 896 se
509 857 668 896 traicere
697 857 734 895 in
767 857 1027 896 continentem
1049 858 1094 896 ad
1118 858 1408 909 depopulandos
1432 858 1632 909 proximos

228 915 436 966 Hispaniae
463 927 577 964 agros
600 919 804 964 pateretur.
845 921 1115 964 transgressus
1137 916 1206 952 tris
1228 915 1421 965 principes
1443 914 1633 953 Numida-

228 984 312 1010 rum
332 971 541 1023 praemittit
558 970 602 1009 ad
620 975 776 1022 tempus
793 971 999 1022 locumque
1017 971 1222 1022 conloquio
1241 972 1500 1010 statuendum.
1533 971 1631 1009 duos

230 1041 300 1078 pro
324 1028 524 1074 obsidibus
546 1027 699 1066 retineri
717 1028 762 1066 ab
781 1027 962 1078 Scipione
982 1028 1097 1071 iubet,
1120 1029 1286 1066 remisso
1308 1027 1433 1071 tertio,
1457 1027 1534 1077 qui,
1557 1039 1632 1077 quo

228 1086 358 1123 iussus
382 1090 478 1127 erat,
508 1084 714 1123 adduceret
741 1084 1004 1128 Masinissam,
1036 1096 1123 1122 cum
1153 1084 1285 1135 paucis
1316 1084 1355 1122 iu
1385 1083 1632 1134 conloquium

227 1146 423 1180 venerunt.
465 1145 616 1192 ceperat
643 1141 717 1178 iam
746 1147 833 1179 ante
855 1141 1060 1179 Numidam
1091 1153 1135 1178 cx
1163 1141 1262 1179 fama
1286 1152 1415 1179 rerum
1438 1144 1633 1190 gestarum

228 1199 428 1237 admiratio
451 1198 538 1244 viri,
568 1197 895 1248 substitueratque
922 1197 1052 1236 animo
1085 1198 1253 1248 speciem
1276 1209 1433 1248 quoque
1455 1197 1630 1246 corporis

227 1256 393 1306 amplam
417 1267 460 1292 ac
490 1253 750 1303 magnilicamg
779 1259 947 1292 ceterum
978 1253 1103 1292 maior
1124 1254 1336 1304 praesentis
1358 1253 1550 1292 veneratio
1574 1265 1635 1291 ce-

225 1312 299 1362 pit3
328 1316 381 1356 et,
412 1316 681 1362 praeterquam
711 1310 814 1361 quod
842 1316 979 1361 suapte
1000 1316 1135 1348 natura
1158 1311 1276 1348 multa
1298 1310 1477 1348 maiestas
1499 1309 1631 1356 inerat,

225 1368 437 1407 adornabat
464 1368 658 1418 promissa
687 1368 874 1405 caesaries
905 1367 1135 1417 habitusque
1166 1367 1362 1417 corporis,
1399 1377 1478 1404 non
1508 1366 1630 1404 cultus

226 1425 444 1469 munditiis,
475 1424 541 1462 sed
566 1423 681 1461 virilis
703 1437 790 1462 vere
813 1437 856 1462 ac
876 1423 1071 1469 militaris,
1101 1428 1137 1462 et
1158 1428 1260 1461 aetas
1283 1424 1321 1461 in
1345 1423 1471 1461 medio
1493 1422 1630 1461 virium
1655 1425 1698 1458 20

226 1548 427 1579 veranlasst.
442 1548 566 1578 -ium
581 1546 689 1589 adpr.,
708 1557 745 1577 er
759 1547 828 1577 holt
842 1547 894 1577 ihn

226 1598 296 1624 erst
314 1593 375 1631 ein,
393 1593 442 1623 als
462 1603 499 1623 er
516 1592 652 1629 bereits,
673 1602 698 1623 s.
718 1602 745 1623 c.
765 1591 817 1627 26,
836 1593 865 1622 7.

271 1631 339 1670 35.
371 1637 586 1676 Verbindung
615 1638 674 1668 mit
700 1636 893 1676 Masinissa,

225 1685 363 1726 Appian
380 1682 424 1714 lb.
443 1682 502 1721 373
523 1683 593 1714 Lib.
610 1682 665 1720 1ος
686 1681 768 1713 Ζοη.
789 1682 818 1722 9,
836 1682 893 1721 11;

224 1729 282 1761 Sil.
302 1729 341 1761 lt.
364 1728 413 1766 16,
435 1728 508 1759 136.

272 1775 300 1806 1.
318 1774 477 1805 incohata
492 1788 536 1799 =
551 1773 723 1812 inchoata,
752 1773 819 1813 vgl.
839 1772 893 1813 29,

224 1819 265 1851 23
277 1845 284 1857 ,
308 1819 342 1850 3:
376 1820 502 1850 mentio
524 1819 691 1849 inchoata.
709 1836 752 1841 ——
769 1828 826 1849 res
843 1817 891 1859 de,

225 1876 250 1897 s.
269 1865 296 1904 6,
317 1863 369 1903 33,
391 1865 403 1895 1
419 1877 425 1896 ;
442 1874 608 1908 suspensa
621 1864 661 1895 de
673 1863 802 1903 legibus
817 1873 890 1903 νᾶες

223 1910 254 1949 2,
274 1910 327 1950 22,
346 1910 380 1940 5:
400 1909 594 1950 dejbeclere
610 1927 653 1931 —
670 1919 759 1948 rem3
785 1909 815 1947 4,
837 1909 890 1949 43,

225 1957 261 1990 ὃς
280 1956 333 1993 26,
355 1955 403 1995 15,
422 1954 457 1991 93
482 1955 530 1992 10,
549 1954 579 1993 S,
602 1955 635 1985 1:
659 1956 794 1995 integra
811 1964 891 1986 cau-

223 2012 262 2033 sa
274 2000 361 2032 -cle
376 2000 587 2031 sacerdotiis.
619 1999 688 2031 Zur
701 2000 805 2031 Sache
825 2010 850 2030 s.
862 2010 889 2031 c.

226 2046 276 2083 16,
300 2046 349 2077 11.
366 2063 408 2067 -—
427 2045 551 2076 deoelra
569 2056 598 2076 n.
613 2048 766 2088 accepta,
789 2054 815 2075 s.
840 2044 891 2086 25,

225 2090 275 2129 16,
304 2090 355 2122 13.
383 2109 427 2112 -
454 2090 558 2129 devii,
588 2100 650 2121 von
676 2091 748 2120 dem
762 2089 891 2120 Punkte

222 2147 292 2175 aus,
310 2146 362 2166 wo
381 2145 418 2166 er
431 2135 519 2175 jetzt
537 2144 617 2166 war.
647 2135 713 2166 Das
726 2135 797 2165 hds.
815 2137 891 2165 tan«⁴

223 2185 293 2213 tum
311 2181 406 2222 devii,
425 2180 491 2220 vgl.
511 2179 563 2218 22,
583 2180 636 2219 27,
654 2181 690 2218 43
722 2179 800 2210 Hor.
820 2179 889 2210 Sat.

222 2227 253 2265 2,
278 2227 308 2267 3,
333 2226 413 2257 313:
444 2228 576 2258 tantum
600 2225 735 2263 similis,
759 2225 802 2256 ist
819 2225 890 2255 hier

222 2272 327 2303 neben
347 2274 415 2303 tam
432 2270 527 2312 longi
543 2270 735 2302 schwerlich
751 2281 791 2301 zu
806 2269 892 2300 billi-

223 2327 295 2358 gen.
330 2317 375 2348 Es
396 2316 439 2348 ist
462 2317 521 2347 der
539 2317 639 2347 dritte
659 2315 731 2355 Zug
748 2315 778 2346 in
799 2315 889 2346 diese

224 2362 404 2402 Gegenden
424 2363 453 2392 in
472 2362 595 2397 diesem
609 2362 718 2393 Jahre.

270 2407 377 2439 2--4.
404 2406 597 2446 Masinissa,
618 2406 686 2447 vgl.
710 2416 738 2437 c.
760 2404 810 2444 16,
839 2404 890 2436 11.

223 2471 266 2475 —
283 2454 476 2495 penuriam,
509 2453 560 2483 die
584 2462 645 2483 nur
667 2451 768 2482 durch
794 2451 888 2481 einen

224 2498 387 2528 schuialen
412 2498 500 2528 Sund
530 2508 603 2528 vom
629 2496 807 2528 Continent
834 2505 890 2535 ge-

224 2547 356 2574 trennte
380 2543 443 2573 und
469 2543 527 2574 mit
549 2543 671 2573 diesem
695 2542 796 2572 durch
816 2541 889 2572 eine

224 2587 351 2619 Briicke
371 2588 583 2618 verbundene
612 2587 717 2627 lnsel,
749 2584 807 2617 auf
832 2586 892 2617 der

225 2630 333 2663 Gades
357 2633 451 2672 liegt,
487 2633 530 2664 ist
550 2633 649 2664 klein.
679 2650 722 2654 —
739 2632 891 2663 Poenum

225 2677 305 2707 oder
327 2677 378 2707 ein
401 2678 570 2708 {ilinlicber
588 2678 688 2710 Name
707 2678 750 2709 ist
767 2686 888 2717 ausge-

968 1545 1080 1579 fallen.
1125 1546 1214 1578 Nach
1249 1546 1388 1589 Appian.
1417 1545 1488 1576 Lib.
1520 1545 1558 1575 10
1594 1545 1636 1576 ist

1664 859 1704 891 10

1747 1080 1784 1589 „rus-lnffssssfnsssfflssss‘z-‘QQQm
1759 1050 1775 1070 st·
1770 1034 1775 1040 2
1757 1015 1761 1020 '
1765 985 1768 988 ’

969 1592 1154 1623 Hasdrubal
1178 1592 1301 1623 damals
1328 1592 1407 1622 noch
1427 1591 1456 1621 in
1477 1590 1633 1631 Spanien.
1692 1614 1695 1615 γ

968 1655 1011 1660 —
1029 1640 1092 1669 tris
1111 1642 1185 1677 etc„
1205 1648 1232 1668 s.
1253 1637 1304 1675 24,
1323 1637 1377 1675 48,
1397 1636 1434 1675 2;
1456 1636 1485 1667 9.

1014 1682 1222 1721 5—7.z·2'1·z',
1242 1692 1267 1713 S.
1286 1682 1316 1721 2,
1335 1683 1389 1721 40,
1408 1681 1445 1719 93
1479 1681 1520 1711 im
1538 1679 1633 1720 Folg.

967 1727 1011 1758 ist
1029 1728 1080 1758 die
1098 1727 1306 1767 Auslassung
1323 1737 1385 1757 von
1404 1728 1434 1757 is
1458 1726 1488 1756 iu
1507 1725 1636 1756 mehre-

968 1783 1025 1803 ren
1052 1772 1155 1804 Casus
1180 1783 1221 1803 zu
1245 1772 1415 1803 beachten.
1440 1788 1483 1793 ——
1505 1771 1634 1802 substi-

966 1820 1089 1856 tuerat,
1109 1828 1146 1848 er
1163 1819 1253 1848 hatte
1272 1818 1341 1848 sich
1360 1817 1411 1848 ein
1426 1816 1494 1847 Bild
1515 1816 1634 1854 (Phau—

965 1863 1130 1902 tasiebild)
1156 1867 1238 1894 statt
1260 1863 1319 1893 der
1347 1862 1541 1893 uir-klicben
1567 1860 1634 1892 Ge-

965 1909 1046 1939 stalt
1063 1909 1229 1948 gemacht,
1254 1908 1322 1948 vgl.
1347 1907 1455 1949 Quint.
1474 1906 1504 1946 3,
1524 1905 1553 1945 8,
1573 1905 1630 1937 54:

963 1956 1094 1986 utimur
1102 1954 1188 1996 ficta
1204 1963 1444 1996 personarum,
1471 1962 1555 1993 quas
1566 1951 1635 1994 ipsi

964 2000 1220 2038 substituimus,
1255 2000 1423 2035 oratl'oue3
1460 1996 1520 2028 Ov.
1541 1996 1632 2027 Rem.

964 2044 1036 2076 Am.
1061 2044 1141 2074 573:
1164 2045 1301 2085 funera
1324 2044 1482 2084 fratrum
1507 2041 1629 2073 debue-

961 2098 1020 2120 ras
1035 2089 1140 2120 oculis
1153 2090 1371 2119 substituisse
1381 2089 1458 2118 tuis.
1468 2104 1512 2108 —
1517 2096 1631 2129 praes.

962 2135 1144 2171 veneratio,
1163 2134 1193 2163 in
1214 2133 1324 2172 Bezug
1339 2130 1560 2175 {iuss-pectem,
1578 2131 1631 2162 die

962 2179 1133 2210 wirkliche
1151 2177 1364 2217 Verehrung,
1383 2177 1434 2208 die
1455 2176 1631 2217 XVirkung,

962 2225 1064 2255 deren
1095 2223 1239 2255 Ursache
1271 2223 1372 2253 durch
1403 2225 1435 2253 et
1460 2224 1629 2266 praeterq.
1660 2251 1664 2253 A

962 2265 1025 2300 etc.
1045 2269 1237 2300 erliiutcrnd
1256 2265 1460 2309 angekniipft
1478 2267 1570 2298 wird.
1588 2285 1632 2289 --

961 2314 1067 2346 multa
1083 2315 1174 2354 macl,
1193 2313 1259 2353 vgl.
1282 2314 1309 2351 1,
1328 2313 1358 2352 7,
1377 2313 1406 2344 9.
1424 2322 1465 2334 ‘—
1484 2313 1632 2355 promis-

962 2370 1001 2391 sa
1019 2370 1116 2397 caes„
1135 2369 1238 2399 gegen
1257 2359 1308 2389 die
1323 2358 1409 2389 Sitte
1427 2358 1486 2388 der
1499 2357 1629 2399 Rb'mer,

963 2405 1014 2436 die
1047 2405 1171 2435 damals
1201 2403 1258 2435 das
1288 2403 1376 2434 Haar
1408 2403 1490 2434 kurz
1524 2402 1630 2433 abzu-

962 2450 1138 2481 schneiden
1172 2450 1325 2491 pssegten.
1363 2466 1407 2471 —
1444 2446 1630 2486 munditiis,

963 2495 1058 2533 Putz‚
1076 2495 1139 2525 wie
1158 2504 1195 2525 er
1211 2494 1277 2525 sich
1296 2493 1352 2525 fiir
1364 2493 1493 2524 Frauen
1508 2492 1629 2532 eignet,

963 2541 1005 2572 im
1037 2539 1245 2579 Gegensatze
1275 2549 1316 2569 zu
1338 2539 1443 2570 virilis
1470 2547 1557 2569 vere.
1586 2555 1630 2559 —

963 2588 1057 2617 aetas
1073 2603 1118 2607 —
1133 2586 1218 2623 rob„
1237 2584 1302 2624 vgl.
1323 2594 1349 2614 c.
1369 2583 1422 2623 21,
1441 2582 1478 2619 9;
1502 2582 1556 2622 27,
1575 2581 1629 2622 46,

964 2631 1001 2669 3;
1021 2631 1078 2661 das
1097 2630 1210 2667 Alter,
1235 2629 1265 2660 in
1286 2629 1443 2660 welchem
1461 2637 1498 2658 er
1515 2627 1544 2657 in
1565 2626 1630 2657 sei-

964 2686 1024 2707 ner
1052 2675 1162 2707 vollen
1186 2672 1284 2705 Kraft
1312 2674 1419 2705 stand.
1454 2671 1543 2714 quod
1568 2671 1627 2702 hat

1750 1971 1752 1975 .
1747 1784 1750 1789 .
1749 1739 1753 1741 ,
1744 1679 1751 1701 w

1753 1813 1773 2203 ..1¹..iss'4-.·...⁴f,2.2‘‚.„1,.2>'‘rv·2-
1747 1736 1768 1792 ¹¹¹⁴-
1764 1712 1767 1715 -
1765 1681 1772 1687 ,
