1784 2967
135 707 175 738 10

136 876 170 908 11

126 979 179 1016 45

208 258 288 299 308
633 260 761 293 LIBER
778 260 903 294 xxvi.
937 261 1028 294 CAP.
1049 262 1102 294 44.
1120 262 1173 294 45.

1465 279 1489 296 a.
1509 279 1533 296 u.
1551 272 1610 296 521.

207 360 306 399 ferre
334 360 454 400 scalas
477 361 593 400 iubet.
636 362 718 413 ipse
739 364 856 402 trium
877 376 969 415 prae
991 377 1031 403 se
1053 364 1232 403 iuvenum
1255 363 1468 403 validorum
1491 364 1611 403 scutis

207 417 398 468 oppositis
421 440 475 444 —
495 418 631 468 ingens
654 419 756 458 enim
779 420 853 459 iam
876 421 930 459 vis
954 421 1081 460 omnis
1104 420 1253 471 generis
1270 420 1437 459 telorum
1454 433 1474 459 e
1490 421 1612 459 muris

206 473 355 512 volabat
383 496 434 501 —
463 475 511 513 ad
539 475 674 514 urbem
704 477 890 523 succedit,
924 478 1119 523 hortatur,
1147 478 1311 528 imperat
1338 488 1436 527 quae
1462 477 1503 515 in
1530 489 1610 515 rem

206 534 308 575 sunt,
330 529 435 580 quod
457 530 680 581 plurumum
702 534 747 572 ad
770 534 1037 573 accendendos
1060 534 1223 572 militum
1246 533 1398 572 animos
1420 533 1612 572 intererat.

206 586 315 624 testis
337 592 606 639 spectatorque
626 589 774 629 virtutis
795 596 907 641 atque
930 591 1097 641 ignaviae
1118 591 1303 641 cuiusque
1323 590 1442 628 adest.
1484 589 1612 640 itaque

205 643 246 680 in
268 642 422 682 vulnera
443 656 487 683 ac
507 645 579 683 tela
600 652 729 691 ruunt,
753 659 879 697 neque
900 647 984 685 illos
1008 647 1106 685 muri
1125 659 1248 698 neque
1266 651 1533 696 superstantes
1551 659 1613 685 ar-

206 699 297 737 mati
319 711 447 738 arcere
468 708 630 751 queunt,
660 703 751 753 quin
775 703 947 741 certatim
970 704 1194 743 ascendant.
1236 709 1272 742 et
1294 703 1339 742 ab
1360 702 1523 742 navibus
1545 715 1612 741 eo-

205 755 291 793 dem
314 761 490 806 tempore
512 771 570 803 ea,
599 771 696 809 quae
719 759 814 798 mari
835 759 1019 804 adluitur,
1042 772 1131 811 pars
1154 760 1260 799 urbis
1283 759 1499 810 oppugnari
1523 771 1612 797 coe-

205 817 268 862 pta
290 818 360 851 est.
401 819 573 852 ceterum
595 815 784 854 tumultus
806 815 894 854 inde
915 816 1039 854 maior
1056 829 1169 867 quam
1189 817 1241 855 vis
1259 816 1432 855 adbiberi
1449 821 1611 866 poterat.

206 868 296 906 dum
319 868 521 919 adplicant,
543 870 635 908 dum
656 872 798 922 raptim
820 878 1019 923 exponunt
1035 873 1155 911 scalas
1174 873 1402 923 militesque,
1425 872 1516 910 dum
1536 884 1611 922 qua

206 924 343 986 cuique
366 926 587 975 proximum
610 933 667 966 est
690 928 727 966 in
750 934 892 967 terram
913 929 1072 967 evadere
1093 934 1324 980 properant,
1348 929 1432 979 ipsa
1452 928 1613 966 festina-

206 987 311 1019 tione
332 987 368 1019 et
389 983 598 1022 certamine
620 984 679 1022 alii
696 984 792 1023 alios
811 985 1026 1036 inpediunt.
1067 986 1173 1024 lnter
1194 986 1288 1024 haec
1308 985 1518 1035 repleverat
1538 984 1611 1023 iam

205 1037 361 1076 Poenus
393 1040 548 1078 armatis
576 1053 730 1086 muros,
762 1046 798 1080 et
825 1042 880 1080 vis
909 1054 1044 1092 magna
1067 1055 1110 1080 ex
1133 1041 1277 1092 ingenti
1299 1041 1409 1092 copia
1432 1046 1613 1091 congesta

205 1094 371 1133 telorum
394 1096 676 1147 suppeditabat.
715 1098 781 1136 sed
801 1110 923 1149 neque
940 1099 1010 1136 viri
1026 1111 1097 1137 nec
1113 1098 1183 1137 tela
1201 1110 1272 1137 nec
1289 1098 1495 1149 quicquam
1513 1096 1611 1135 aliud

206 1163 325 1201 aeque
358 1164 473 1202 quam
503 1154 656 1192 moenia
684 1155 767 1206 ipsa
796 1168 881 1194 sese
909 1155 1176 1194 defendebant.
1223 1167 1332 1193 rarae
1360 1154 1462 1192 enim
1491 1153 1613 1192 scalae
1669 1160 1680 1190 ἶ

205 1207 395 1246 altitudini
417 1211 573 1260 aequari
596 1216 787 1261 poterant,
808 1217 845 1250 et
867 1224 942 1263 quo
968 1224 1141 1262 quaeque
1163 1211 1331 1257 altiores,
1354 1223 1399 1249 eo
1422 1209 1614 1249 infirmio-

205 1276 266 1302 res
305 1270 423 1304 erant.
473 1266 598 1317 itaque
637 1280 725 1306 cum
761 1281 937 1307 summus
975 1268 1138 1319 quisque
1171 1268 1330 1306 evadere
1359 1278 1440 1305 non
1468 1272 1614 1317 posset.

207 1320 381 1360 subirent
405 1328 534 1361 tamen
563 1323 639 1369 alii,
670 1338 785 1363 onere
807 1324 893 1376 ipso
916 1324 1202 1375 frangebantur.
1245 1323 1398 1375 quidam
1423 1322 1613 1361 stantibus

206 1376 316 1415 scalis
347 1391 433 1417 cum
462 1380 621 1419 altitudo
651 1381 852 1431 caliginem
875 1381 994 1420 oculis
1019 1381 1240 1427 offudisset,
1269 1380 1314 1419 ad
1337 1385 1480 1418 terram
1502 1379 1613 1417 delati

207 1439 308 1472 sunt.
357 1440 393 1473 et
422 1448 509 1474 cum
540 1437 685 1487 passim
714 1437 892 1476 homines
922 1438 1120 1488 scalaeque
1146 1442 1318 1482 ruerent,
1351 1443 1387 1475 et
1413 1436 1499 1487 ipso
1523 1448 1612 1474 suc·
1644 1446 1651 1454 ·

206 1502 318 1528 cessu
341 1492 495 1531 audacia
518 1500 631 1543 atque
653 1494 825 1533 alacritas
848 1495 1022 1534 hostium
1044 1500 1245 1540 cresceret,
1269 1493 1422 1543 signum
1445 1492 1616 1544 receptui

204 1622 248 1626 —
265 1613 399 1646 oppos.‚
420 1605 636 1645 vorgehalten
655 1607 809 1645 wurden,
830 1606 873 1637 ist

205 1649 268 1679 wie
283 1648 331 1679 oft
344 1649 476 1681 absolut
489 1651 681 1690 gebraucht.
695 1670 740 1674 -—
751 1654 783 1682 2⁷11
800 1662 873 1683 rem

205 1705 246 1732 s.,
262 1703 288 1724 s.
304 1704 330 1725 c.
348 1694 398 1733 17,
415 1696 452 1732 (ἀς
472 1695 525 1735 22,
542 1695 572 1735 3,
588 1696 619 1727 2.
634 1715 678 1719 —-
695 1696 784 1738 quod
796 1702 873 1735 etc„

206 1739 265 1769 der
283 1738 361 1770 Satz
384 1741 503 1779 gehort
526 1751 599 1772 zum
619 1741 728 1782 Folg.‚
753 1742 810 1773 das
829 1742 875 1773 A-

205 1784 367 1826 syndeton
388 1785 450 1816 soll
468 1786 519 1817 die
535 1786 734 1827 Steigerung
751 1788 875 1818 audeu-

206 1833 272 1860 ten.
307 1829 416 1861 Ueber
438 1831 499 1861 den
525 1832 613 1863 nicht
639 1832 788 1872 h'aufigen
807 1831 874 1863 No-

204 1874 341 1906 minativ
365 1875 457 1907 eines
481 1875 634 1908 Pronum.
661 1887 721 1908 zur
738 1877 873 1917 Angabe

204 1920 338 1961 dessen,
361 1919 494 1952 worauf
507 1932 541 1953 es
559 1922 740 1961 ankomnit,
761 1933 787 1954 s.
807 1922 875 1954 Cic.

205 1964 284 2006 Rep.
306 1965 339 2005 1,
363 1964 419 2006 33,
445 1967 501 1997 50:
526 1968 586 1999 hoc
602 1967 803 2010 populorum
821 1970 875 1999 ἰη-

206 2011 324 2047 terst't‚·
349 2010 427 2041 Ter.
446 2011 563 2043 Heaut.
588 2012 624 2051 3,
653 2013 686 2050 1,
713 2012 772 2051 583
797 2012 835 2044 Z.
853 2013 874 2055 ξ

204 2054 281 2085 449.
298 2072 343 2077 —
355 2055 499 2095 hortat„
518 2056 571 2095 31,
587 2056 639 2095 37,
659 2058 694 2088 4:
721 2068 785 2089 rem
806 2060 876 2100 ipse

205 2100 362 2132 hortator
378 2100 510 2132 aderat.
529 2120 572 2124 -—
590 2104 715 2144 caz'asq.
741 2103 803 2133 uie
822 2102 874 2141 22,

205 2145 261 2185 60,
286 2144 321 2175 S:
347 2148 466 2177 testem
488 2148 645 2188 ignaviae
668 2150 827 2189 oniasque
845 2150 878 2178 et

203 2191 361 2228 virtutis,·
379 2191 438 2229 21,
457 2190 510 2229 43,
532 2191 589 2230 173
607 2192 674 2232 vgl.
693 2192 751 2232 24,
771 2193 824 2233 45,
844 2193 874 2224 5.

204 2254 247 2258 —
263 2237 299 2267 in
317 2235 381 2267 vul.
399 2247 430 2267 a.
455 2239 497 2274 t.,
520 2238 555 2268 in
580 2237 624 2268 ist
642 2237 672 2268 in
692 2242 796 2269 etwas
815 2248 874 2269 an-

205 2281 303 2312 deret·
324 2281 516 2321 Bedeutung
540 2293 581 2313 zu
605 2283 676 2313 dem
705 2283 799 2314 einen
824 2282 874 2314 als

206 2336 245 2356 zu
269 2326 341 2357 dem
365 2327 507 2358 anderen
529 2327 639 2359 Subst.
660 2338 700 2358 zu
724 2329 872 2359 nehmen.

204 2388 248 2393 —
264 2371 438 2411 adscend„
458 2383 498 2403 zu
518 2373 715 2413 versuchen,
734 2374 818 2404 denn
837 2383 872 2404 es

205 2416 331 2455 gelingt
349 2417 450 2448 nicht.

253 2460 394 2492 10—11.
428 2463 470 2494 ab
486 2473 578 2502 natu,
598 2463 658 2494 den
677 2462 802 2494 Zusatz
820 2463 875 2494 hat

207 2504 274 2536 Pol.
295 2506 393 2537 nicht.
410 2525 455 2530 —
472 2518 555 2549 qaae
576 2519 620 2541 m.
639 2508 710 2546 ad.‚
736 2518 875 2539 ausser-

193 2550 279 2580 ·halb
297 2551 354 2582 des
373 2550 511 2592 Hxffens,
538 2564 564 2584 s.
584 2564 611 2585 c.
629 2553 688 2594 42,
707 2555 736 2585 5.
752 2571 798 2577 -—-
814 2553 874 2584 ad-

203 2594 277 2636 ple'c.
297 2606 326 2626 n.
343 2607 459 2636 nares,
485 2598 635 2638 aule-gen.
653 2617 697 2621 —
714 2601 762 2630 vis
785 2598 874 2636 adh„

207 2638 266 2679 36,
290 2639 343 2679 10,
364 2642 398 2671 7:
417 2643 482 2673 vim
500 2643 734 2675 adhibendam.
752 2662 796 2666 —
812 2654 874 2675 ex-

204 2688 349 2727 ponunt,
379 2687 477 2718 damit
502 2687 703 2729 besehiiftigt
729 2689 818 2730 sind,
843 2688 875 2720 iu

947 1607 1058 1646 Bezug
1070 1604 1129 1637 auf
1140 1606 1191 1637 die
1206 1605 1374 1647 Seeleute,
1391 1605 1448 1636 das
1463 1604 1615 1636 Ausstei-

947 1662 1008 1692 gen
1042 1652 1101 1683 der
1130 1651 1287 1683 Soldaten
1317 1650 1440 1681 koinmt
1468 1650 1509 1680 im
1537 1648 1615 1689 folg.

947 1697 1063 1728 Satze:
1082 1708 1147 1739 qua
1163 1701 1227 1727 etc.
1261 1695 1351 1727 Statt
1364 1697 1488 1738 par-tim
1502 1695 1546 1726 ist
1559 1695 1616 1726 mit

947 1742 1085 1773 Crevier
1108 1744 1230 1785 raptim
1255 1741 1488 1782 geschrieben,
1513 1740 1552 1771 da
1576 1741 1617 1771 im

948 1787 1104 1818 niichsten
1121 1787 1199 1818 Satz
1215 1787 1305 1817 nicht
1318 1796 1381 1817 von
1397 1786 1503 1816 einem
1517 1785 1619 1816 zwei-

948 1837 1002 1864 ten
1021 1832 1115 1863 Theil
1134 1833 1192 1863 der
1211 1831 1367 1863 Seeleute
1385 1831 1437 1862 die
1455 1829 1543 1862 Rede
1562 1831 1616 1869 ist,

946 1878 1013 1918 vgl.
1033 1877 1086 1916 22,
1107 1877 1157 1917 19,
1180 1878 1230 1908 10.

993 1917 1061 1955 45.
1091 1922 1187 1953 1—2.
1222 1921 1417 1965 replet-erat,
1436 1921 1495 1952 mit
1512 1921 1616 1952 denen

948 1968 1074 1999 welche
1093 1968 1217 1998 vorher
1241 1964 1408 2008 gek'zimpft
1432 1966 1534 1997 huben
1553 1966 1616 1996 und

948 2014 1009 2044 den
1026 2023 1053 2044 c.
1068 2013 1122 2052 44,
1138 2012 1156 2042 2
1172 2012 1377 2043 erw'ahnten.
1395 2028 1432 2033 —-
1456 2021 1500 2042 eoe
1516 2011 1560 2041 2¹11.
1578 2021 1614 2044 e..

949 2059 979 2089 in
995 2058 1097 2097 Folge
1115 2058 1176 2088 der
1194 2066 1332 2096 grossen
1347 2055 1513 2086 Vorriithe
1537 2056 1618 2086 oder

949 2113 1007 2133 aus
1025 2103 1154 2139 diesen,
1183 2101 1250 2141 vgl.
1268 2101 1304 2142 4,
1323 2099 1382 2140 22,
1402 2100 1438 2131 3:
1454 2102 1616 2141 frumen-

949 2151 1020 2180 tum
1048 2165 1092 2169 ——
1119 2146 1251 2178 abunde
1284 2157 1329 2177 esc
1354 2148 1434 2177 ante
1462 2148 1616 2178 convecto

947 2193 1151 2235 sufficiebat.
1170 2211 1214 2214 —
1230 2202 1334 2233 aeque
1351 2202 1393 2233 q.,
1413 2191 1431 2221 5
1443 2217 1450 2230 ,
1469 2190 1506 2231 3,
1525 2190 1556 2222 4.
1573 2208 1616 2213 -

946 2239 1087 2280 aequari
1107 2238 1251 2268 konnten
1274 2237 1507 2276 ausgegliehen
1529 2246 1616 2267 wer-

948 2284 1008 2314 den
1026 2283 1099 2319 mit,
1120 2283 1310 2320 erreichen,
1328 2282 1394 2322 vgl.
1415 2280 1450 2322 3,
1473 2280 1531 2320 65,
1561 2281 1615 2312 11:

946 2331 1086 2370 aequari
1106 2328 1186 2359 velle
1201 2326 1412 2364 simulandm
1434 2326 1490 2367 26,
1515 2326 1551 2365 4,
1576 2326 1614 2363 4;

947 2373 1005 2413 33,
1024 2373 1084 2412 21,
1103 2373 1121 2403 3
1140 2384 1172 2404 u.
1190 2383 1219 2404 a.
1254 2372 1370 2415 Polyb.
1390 2372 1537 2403 erw'a'hnt
1554 2381 1616 2402 nur

947 2419 997 2450 die
1016 2418 1107 2449 Ho'he
1125 2419 1185 2449 der·
1199 2417 1325 2449 Mauer.

993 2463 1090 2495 3—5.
1117 2463 1255 2505 quidam
1287 2462 1444 2494 schliesst
1477 2462 1545 2493 sich
1573 2471 1612 2492 an

946 2519 1101 2540 sannaus
1133 2511 1273 2551 quisque
1304 2508 1368 2538 und
1401 2506 1460 2538 aliz·
1488 2516 1540 2538 an.
1570 2524 1614 2529 —

948 2553 1091 2595 offemd.‚
1111 2554 1177 2594 vgl.
1196 2553 1225 2592 2,
1245 2553 1298 2590 40,
1318 2552 1354 2590 33
1383 2551 1432 2591 10,
1453 2552 1484 2592 5,
1504 2551 1540 2589 73
1561 2550 1611 2591 22,

950 2599 1001 2631 19,
1022 2598 1057 2637 63
1077 2598 1156 2631 Tac.
1175 2598 1212 2630 H.
1233 2598 1262 2633 2,
1282 2597 1341 2628 8οε
1367 2598 1515 2638 offusam
1535 2606 1613 2628 ocit-

947 2644 988 2675 It's
1021 2643 1197 2685 caliginem
1233 2643 1375 2674 disiecit.
1408 2661 1452 2664 —
1485 2641 1614 2679 delatis,

948 2689 1100 2720 stiirzten
1131 2688 1242 2729 herab,
1267 2688 1333 2728 vgl.
1369 2687 1399 2727 5,
1430 2687 1482 2730 47,
1512 2686 1547 2718 5:
1580 2688 1613 2717 ὺι

1645 875 1683 906 10
