1784 2967
149 403 183 435 11

148 512 187 544 12

136 733 187 773 31

648 174 774 207 LIBER
792 174 917 209 XXVI.
950 176 1043 208 CAP.
1063 176 1117 207 30.
1136 175 1189 208 31.

216 179 297 218 274
1475 191 1500 208 a.
1518 192 1543 208 u.
1559 185 1620 209 544.

219 294 260 319 ac
291 293 384 319 suos
415 284 592 331 possent.
641 290 750 317 orare
781 291 823 316 se
850 283 980 330 patres
1004 279 1267 328 conscriptos,
1299 283 1350 326 ut,
1380 277 1410 316 si
1432 282 1623 329 nequeant

219 337 366 381 omnia,
406 336 539 374 saltem
575 348 670 385 quae
707 340 955 386 compareant
981 334 1238 386 cognoscique
1267 335 1438 385 possint,
1475 333 1622 372 restitui

219 393 389 432 dominis
410 393 576 431 iubeant.
616 392 702 430 talia
731 398 965 443 conquestos
994 404 1080 430 cum
1104 391 1287 429 excedere
1314 405 1359 430 ex
1388 391 1551 442 templo,
1579 398 1622 429 ut

217 451 263 489 de
286 449 489 500 postulatis
511 461 646 487 eorum
671 453 797 499 patres
827 448 975 487 consuli
1004 453 1185 499 possent,
1214 447 1400 486 Laevinus
1427 447 1619 494 iussisset,

217 509 465 552 .,maneant,“
488 504 613 555 inquit
632 504 842 551 Marcellus,
867 510 935 551 „ut
957 517 1086 543 coram
1108 505 1153 543 iis
1176 505 1445 555 respondeam,
1467 504 1618 555 quando

217 575 258 601 ea
282 562 510 600 condicione
532 574 602 612 pro
627 561 746 607 vobis,
768 567 897 612 patres
922 561 1148 612 conscripti,
1170 561 1264 599 bella
1288 561 1479 611 gerimus,
1502 566 1543 598 ut
1565 560 1619 598 vi-

217 625 299 657 ctos
323 618 440 657 armis
462 623 704 657 accusatores
726 618 949 656 habeamus.
991 618 1088 656 duae
1118 623 1249 668 captae
1276 618 1351 656 hoc
1372 629 1473 655 anno
1495 616 1621 663 urbes,

216 676 342 726 Capua
366 675 539 713 Fulvium
561 687 691 718 reum,
715 674 933 713 Marcellum
958 674 1168 725 Syracusae
1188 674 1395 713 habeantf‘.

328 732 510 770 Reductis
538 732 576 769 in
605 731 748 769 curiam
783 731 915 781 legatis
954 735 1035 769 tum
1067 731 1202 769 consul
1236 743 1345 777 „non
1374 731 1467 769 adeo
1502 729 1619 768 maie-

217 788 347 826 statis‘·
371 788 495 838 inquit
517 787 674 838 „populi
693 787 858 825 Romani
880 787 1109 838 imperiique
1124 787 1238 825 huius
1262 787 1405 826 oblitus
1429 799 1529 831 sum,
1550 799 1618 837 pa-

213 850 291 883 tres
315 844 539 894 conscripti,
562 849 614 889 ut,
635 844 666 881 si
690 844 735 881 de
757 856 844 882 meo
863 843 1023 881 crimine
1045 843 1312 893 ambigeretur,
1337 843 1473 882 consul
1494 843 1618 881 dictu-

214 913 279 939 rus
304 913 458 939 causam
482 900 750 938 accusantibus
775 899 929 938 Graecis
959 900 1110 938 fuerim.
1153 900 1219 938 sed
1251 913 1329 939 non
1358 900 1446 951 quid
1471 912 1538 949 ego
1561 900 1619 938 fe-

215 958 331 995 cerim
360 957 397 995 in
430 956 742 1007 disquisitionem
772 956 891 1002 venit,
929 969 1043 1007 quam
1072 956 1161 1007 quid
1198 957 1260 995 isti
1296 957 1374 1007 pati
1405 956 1617 994 debuerint.

215 1014 278 1064 qui
301 1014 332 1052 si
354 1026 433 1052 non
454 1014 612 1052 fuerunt
631 1014 786 1059 hostes,
815 1013 909 1051 nihil
930 1014 1108 1058 interest,
1138 1025 1242 1051 nunc
1268 1026 1314 1052 an
1347 1012 1430 1050 vivo
1454 1012 1620 1050 Hierone

215 1071 426 1121 Syracusas
450 1070 682 1108 violaverim.
708 1070 784 1114 ,sin
806 1076 932 1109 autem
957 1070 1199 1108 desciverunt
1221 1082 1243 1108 α
1259 1068 1403 1121 populo
1425 1067 1618 1116 Romnum·

212 1126 382 1165 hostibus
411 1133 646 1178 aperuerunt
674 1132 826 1178 portas,
859 1127 1007 1177 legatos
1039 1131 1197 1165 nostros
1229 1126 1331 1164 ferro
1361 1131 1474 1176 atque
1501 1125 1617 1164 armis

213 1183 416 1234 petierunt,
439 1183 573 1221 urbem
590 1196 633 1222 ac
650 1183 801 1221 moenia
824 1183 1043 1222 clauserunt
1065 1183 1309 1233 exercituque
1326 1182 1618 1232 Carthaginien-

212 1296 310 1334 ferae
332 1306 435 1336 aeque
459 1298 554 1333 sunt,
579 1298 618 1327 ut
646 1298 678 1327 si
699 1298 792 1328 terra
816 1306 880 1327 sua

216 1340 397 1373 alerentur.
446 1339 556 1372 Ueber
588 1341 714 1372 medam
750 1341 816 1381 vgl.
851 1352 878 1372 e.

214 1385 267 1425 35,
287 1386 321 1416 5:
348 1385 430 1417 nihil
452 1386 571 1427 rele'quz'
591 1389 729 1429 praeter
755 1389 880 1418 terram

211 1431 338 1462 malam
355 1442 393 1462 ac
406 1434 535 1462 vastam
551 1432 690 1471 habere,·
707 1431 760 1471 34,
771 1431 824 1470 34,
843 1431 879 1462 6:

210 1475 294 1507 m'ln‘l
304 1478 370 1507 iam
384 1478 522 1519 praeter
536 1477 661 1508 nudum
676 1477 785 1508 solam
799 1487 883 1518 aget·

212 1522 358 1553 hostium
376 1522 485 1553 habet.
520 1521 578 1552 Die
598 1522 756 1564 Syracus.
776 1522 881 1553 haben

213 1567 301 1597 nicht
319 1567 437 1597 einmal
450 1566 576 1598 mulum
591 1567 698 1599 solnm
714 1567 878 1599 behalten.

211 1629 255 1634 —
272 1612 402 1649 saltem,
421 1611 485 1643 Cic.
504 1612 594 1644 Fam.
611 1612 640 1653 8,
659 1612 707 1651 16,
727 1612 762 1643 3:
782 1615 814 1644 δι’
830 1615 879 1643 to-

212 1660 281 1688 tum
299 1668 364 1689 uon
381 1667 522 1699 possum
535 1674 581 1681 -
593 1658 723 1689 sallem.
738 1676 773 1679 —
796 1668 880 1699 qaae

210 1712 329 1744 comp„
348 1702 419 1733 also
442 1703 635 1743 vorziiglich
661 1703 791 1734 Hiiusci·
813 1703 878 1734 und

210 1747 428 1785 Li‘iudercien,
448 1748 604 1779 w'ahreml
629 1748 680 1779 die
700 1748 801 1779 Beute
820 1748 878 1779 be-

211 1793 293 1823 rcits
312 1792 472 1823 vcrthcilt
490 1793 570 1824 oder
588 1792 742 1824 verkaul't
759 1794 815 1824 ist.
834 1812 878 1815 —

210 1848 377 1879 cognose,
392 1848 456 1868 von
465 1838 525 1869 den
536 1836 690 1869 friiheren
705 1838 876 1869 Resitzern

209 1883 258 1913 als
278 1883 335 1913 das
353 1882 462 1923 lhrige
480 1883 675 1924 anerkannt,
702 1894 727 1915 s.
754 1883 806 1922 24,
828 1883 877 1924 16,

211 1928 335 1967 53vgl.
358 1927 480 1968 1,6,1.

258 1972 401 2003 11—12.
427 1984 472 2004 ea·
494 1976 604 2016 temp„
628 1974 687 2004 der
706 1973 815 2005 Curie.
834 1991 879 1996 —-

210 2027 333 2059 coram,
367 2017 396 2047 in
423 2018 513 2048 ihrer
536 2018 749 2058 Gegenwart.
771 2037 816 2042 ——
839 2029 878 2050 ea

210 2061 315 2099 cond„
342 2066 441 2093 untcr
458 2063 591 2093 solchen
611 2063 877 2103 Verha'ltnissen,

210 2107 269 2138 mit
299 2107 358 2138 der
387 2107 502 2138 hai-ten
533 2108 798 2148 Beschriinkung.
833 2126 877 2131 —-

209 2155 315 2184 victos
334 2157 409 2193 etc„
428 2163 454 2183 s.
475 2163 501 2183 c.
527 2152 579 2191 27,
608 2153 663 2183 16:
694 2163 787 2184 went]
819 2153 878 2184 der

211 2198 315 2228 Senat
339 2198 408 2228 ihre
432 2196 559 2238 magen
590 2198 670 2229 oder
702 2198 876 2238 Anklagen

209 2243 321 2283 gelten
339 2243 435 2273 liisst.

254 2279 322 2318 31.
345 2287 469 2328 1.tam,
490 2298 516 2320 s.
535 2287 875 2327 24,45,8;22,11,1.

207 2350 250 2354 -—
268 2335 438 2364 maiestat.
456 2334 575 2373 gehb'rt
589 2334 669 2364 auch
684 2344 725 2364 zu
745 2335 880 2376 imperii

208 2377 316 2419 liuius,
331 2378 370 2409 da
387 2379 438 2409 die
458 2377 654 2418 Magistrate
672 2378 802 2418 Triiger
819 2379 878 2409 der

210 2422 328 2454 Hoheit
347 2424 405 2454 des
424 2423 550 2455 Volkes
575 2424 658 2462 sind,
684 2434 709 2454 S.
734 2424 764 2462 2,
790 2424 818 2466 7,
844 2424 874 2456 7.

207 2484 251 2489 —
279 2469 397 2511 imper.
427 2468 476 2507 Ιι.,
507 2469 564 2500 des
595 2469 806 2510 consulates,
832 2469 874 2500 im

207 2511 320 2552 Folg.:
346 2514 484 2551 ‹tom-ul,⁸
506 2514 572 2553 vgl.
601 2514 650 2552 10,
676 2513 728 2555 37,
748 2514 783 2545 S:
807 2524 873 2545 non

205 2557 264 2594 itm,
283 2560 398 2599 putres
412 2561 601 2602 conscripti,
622 2562 753 2591 vestrae
770 2561 873 2590 maie-

207 2604 307 2634 statis
328 2605 520 2646 meminero,
554 2607 594 2636 ut
624 2614 678 2636 me
705 2604 872 2636 consulem

951 1306 1025 1327 esse
1043 1295 1224 1327 obliviscar.
1239 1313 1282 1317 —
1295 1297 1471 1338 ambiger„
1488 1294 1618 1335 Gegan-

953 1341 1047 1372 stand
1073 1341 1132 1371 der
1155 1340 1411 1381 Untersuchung
1434 1341 1536 1380 ware,
1561 1339 1582 1382 ξ
1599 1340 1617 1370 2

951 1388 986 1417 in
1009 1386 1149 1428 disquis.
1174 1396 1253 1426 ven„
1279 1396 1304 1417 s.
1334 1386 1359 1428 1,
1387 1386 1415 1427 3,
1438 1385 1474 1417 2:
1509 1385 1549 1416 ob
1567 1385 1619 1416 die

953 1442 1056 1472 gegen
1093 1431 1176 1462 mich
1214 1432 1523 1473 ausaesprochenen
1557 1430 1618 1461 Be-

953 1476 1210 1517 schuldigungen
1227 1476 1339 1507 Grund
1360 1477 1538 1508 h‘titten.—
1551 1475 1619 1507 dic-

955 1524 1053 1553 turus
1083 1522 1180 1563 e.s.,
1212 1522 1262 1552 ich
1288 1522 1401 1553 xviirde
1425 1522 1506 1552 mich
1531 1521 1620 1552 nicht

953 1568 1035 1598 dazu
1051 1567 1251 1598 verstanden
1267 1567 1370 1597 haben
1386 1567 1467 1597 mich
1484 1577 1524 1597 zu
1543 1576 1618 1597 ver-

953 1613 1128 1652 theidigen.
1154 1612 1271 1643 consul
1287 1612 1390 1643 bildet
1408 1613 1467 1642 der
1485 1611 1618 1651 Gegen-

953 1662 1025 1689 satz
1045 1668 1086 1688 zu
1106 1656 1253 1694 Graecis,
1272 1658 1323 1688 die
1343 1658 1479 1688 h'o'chste
1490 1656 1617 1688 Wiirde

951 1704 1168 1734 verachteten
1189 1701 1351 1734 Griechen
1371 1702 1572 1742 gegeniiber.

998 1747 1096 1778 2—3.
1122 1747 1183 1779 sed
1201 1758 1266 1778 non
1297 1752 1379 1786 etc,
1412 1748 1504 1778 seine
1528 1746 1616 1777 Rede

953 1793 1016 1824 soll
1036 1793 1126 1824 nicht
1143 1793 1214 1824 eine
1234 1792 1496 1832 Vertheidigung
1512 1802 1616 1832 gegen

950 1839 1002 1869 die
1019 1838 1330 1878 Anschuldigungen
1350 1837 1618 1880 det-Syracusani.

950 1884 1181 1917 seimsondern
1198 1883 1269 1913 eine
1279 1882 1617 1922 Nachweisung,dass

950 1930 1019 1959 sein
1029 1928 1213 1960 Versabren
1230 1929 1391 1959 durchaus
1401 1927 1620 1967 rechtmiissig

950 1984 1106 2013 gewesen
1126 1974 1185 2004 sei.
1211 1973 1321 2005 Ueber
1337 1984 1402 2004 mm
1421 1991 1461 1995 —
1478 1983 1575 2013 quam
1591 1982 1617 2003 s,

952 2030 978 2049 c.
1002 2018 1053 2058 18,
1073 2018 1110 2055 33
1130 2019 1210 2049 doch
1228 2018 1272 2049 ist
1288 2028 1327 2048 an
1347 2029 1377 2048 u.
1398 2017 1445 2048 St.
1465 2018 1516 2048 die
1533 2017 1616 2048 Les-

951 2068 1003 2094 art
1020 2063 1186 2102 unsicher,
1205 2063 1244 2093 da
1263 2063 1314 2094 die
1332 2063 1407 2093 Hss.
1426 2073 1503 2093 uam
1523 2062 1617 2103 quid-

950 2107 1030 2150 quid
1045 2110 1105 2139 isti
1120 2108 1233 2148 haben,
1259 2107 1344 2138 kann
1364 2108 1415 2139 ein
1436 2107 1514 2138 Satz
1533 2107 1617 2138 zwi-

951 2154 1049 2184 schen
1073 2164 1151 2184 ηιιιη
1176 2154 1241 2184 und
1271 2153 1380 2195 qzlz'dq.
1409 2150 1615 2193 ausgefallen

951 2198 1032 2229 sein.
1079 2198 1211 2237 Madvig
1235 2209 1338 2229 verm.
1363 2209 1429 2229 uon
1450 2201 1518 2229 tam
1537 2197 1618 2240 quid

949 2262 993 2265 —
1011 2254 1109 2285 quam
1128 2243 1214 2285 quid.
1232 2262 1276 2265 —
1295 2245 1383 2286 pati,
1402 2243 1468 2283 vgl.
1488 2242 1542 2283 29,
1563 2243 1613 2281 17,

951 2289 981 2318 4.
1006 2306 1051 2310 —
1067 2300 1108 2319 (ιη
1130 2291 1200 2320 vtro
1225 2293 1300 2327 ete,
1326 2289 1356 2319 in
1385 2289 1493 2328 Bezug
1515 2286 1575 2319 auf
1588 2300 1614 2319 c.

951 2332 1003 2373 30,
1026 2334 1053 2365 l.
1071 2352 1116 2356 -—
1140 2334 1263 2375 violam,
1288 2334 1341 2373 24,
1361 2334 1412 2373 20,
1435 2333 1489 2364 10:
1513 2333 1617 2364 viola—

951 2381 1041 2417 {mm-
1078 2379 1130 2418 33,
1156 2379 1186 2419 O,
1219 2379 1275 2410 14:
1307 2379 1390 2410 nihil
1414 2397 1458 2400 —
1489 2380 1615 2409 tactum

949 2424 1158 2456 violatarum.
1187 2443 1232 2447 —
1263 2424 1395 2462 deseiu,
1414 2423 1465 2454 die
1484 2423 1613 2463 Ergiin-

949 2480 1034 2509 zung
1062 2471 1122 2500 det·
1150 2469 1260 2500 Liicke
1287 2469 1329 2500 ist
1357 2469 1527 2507 unsicher,
1562 2468 1613 2499 die

951 2514 1200 2554 Wortstellung
1217 2525 1240 2544 xx
1250 2515 1317 2553 are,
1342 2514 1405 2545 wie
1423 2511 1472 2544 ost
1495 2513 1545 2543 bei
1564 2513 1614 2551 L.,

948 2560 1144 2593 chiastisch:
1166 2570 1206 2590 zu
1225 2560 1343 2591 hostib.
1358 2568 1450 2601 aper.
1475 2568 1502 2588 S.
1517 2568 1543 2588 c.
1560 2557 1613 2596 30,

948 2604 986 2643 ’ῖς
1002 2604 1054 2644 24,
1067 2604 1119 2645 32,
1135 2604 1155 2635 4
1170 2604 1202 2636 ff.
1217 2604 1350 2647 legatos
1363 2608 1439 2641 etc„
1456 2612 1482 2634 S.
1498 2602 1612 2643 24,33‚

1651 795 1690 827 10

1651 1073 1690 1105 15

1764 0 1784 71 ιῖὁηᾶ
